<?xml version="1.0" encoding="UTF-8"?>
<!DOCTYPE html PUBLIC "-//W3C//DTD XHTML 1.0 Transitional//EN"
    "http://www.w3.org/TR/xhtml1/DTD/xhtml1-transitional.dtd">
<html xmlns="http://www.w3.org/1999/xhtml" xml:lang="en" lang="en">
 <head>
  <title>
</title>
<meta http-equiv="Content-Type" content="text/html;charset=utf-8" />
  <meta name='ocr-system' content='tesseract 3.04.00' />
  <meta name='ocr-capabilities' content='ocr_page ocr_carea ocr_par ocr_line ocrx_word'/>
</head>
<body>
  <div class='ocr_page' id='page_1' title='image "./operaomniaiussui06thom/operaomniaiussui06thom_0010.png"; bbox 0 0 2678 4146; ppageno 0'>
   <div class='ocr_carea' id='block_1_1' title="bbox 158 266 2357 3386">
    <p class='ocr_par' dir='ltr' id='par_1_1' title="bbox 201 266 2351 530">
     <span class='ocr_line' id='line_1_1' title="bbox 204 266 2351 322; baseline -0 -13"><span class='ocrx_word' id='word_1_1' title='bbox 204 269 405 322; x_wconf 76' lang='lat' dir='ltr'>Quaestio</span> <span class='ocrx_word' id='word_1_2' title='bbox 434 269 606 322; x_wconf 84' lang='lat' dir='ltr'><em>prima,·</em></span> <span class='ocrx_word' id='word_1_3' title='bbox 644 269 793 308; x_wconf 91' lang='lat' dir='ltr'>dehinc</span> <span class='ocrx_word' id='word_1_4' title='bbox 831 267 935 307; x_wconf 90' lang='lat' dir='ltr'>tituli</span> <span class='ocrx_word' id='word_1_5' title='bbox 976 273 1016 306; x_wconf 90' lang='lat' dir='ltr'>et</span> <span class='ocrx_word' id='word_1_6' title='bbox 1049 267 1172 306; x_wconf 90' lang='lat' dir='ltr'>etiarn</span> <span class='ocrx_word' id='word_1_7' title='bbox 1214 266 1375 305; x_wconf 92' lang='lat' dir='ltr'>numeri</span> <span class='ocrx_word' id='word_1_8' title='bbox 1414 266 1713 319; x_wconf 80' lang='lat' dir='ltr'>quaestionum</span> <span class='ocrx_word' id='word_1_9' title='bbox 1755 266 1928 315; x_wconf 86' lang='lat' dir='ltr'>desunt;</span> <span class='ocrx_word' id='word_1_10' title='bbox 1962 267 2062 307; x_wconf 85' lang='lat' dir='ltr'>folio</span> <span class='ocrx_word' id='word_1_11' title='bbox 2109 267 2206 319; x_wconf 91' lang='lat'><strong>159,</strong></span> <span class='ocrx_word' id='word_1_12' title='bbox 2252 274 2351 322; x_wconf 89' lang='lat' dir='ltr'>post</span> 
     </span>
     <span class='ocr_line' id='line_1_2' title="bbox 202 335 2348 392; baseline 0 -14"><span class='ocrx_word' id='word_1_13' title='bbox 202 338 402 378; x_wconf 88' lang='lat' dir='ltr'>indicem:</span> <span class='ocrx_word' id='word_1_14' title='bbox 436 338 689 391; x_wconf 85' lang='lat' dir='ltr'><em>Expliciunt</em></span> <span class='ocrx_word' id='word_1_15' title='bbox 716 336 901 390; x_wconf 88' lang='lat' dir='ltr'><em>capitula</em></span> <span class='ocrx_word' id='word_1_16' title='bbox 915 336 1087 389; x_wconf 88' lang='lat' dir='ltr'><em>primae</em></span> <span class='ocrx_word' id='word_1_17' title='bbox 1098 335 1243 388; x_wconf 89' lang='lat' dir='ltr'><em>partis</em></span> <span class='ocrx_word' id='word_1_18' title='bbox 1263 335 1441 375; x_wconf 87' lang='lat' dir='ltr'><em>secundi</em></span> <span class='ocrx_word' id='word_1_19' title='bbox 1469 335 1696 388; x_wconf 89' lang='lat' dir='ltr'>(corrector</span> <span class='ocrx_word' id='word_1_20' title='bbox 1733 335 1890 376; x_wconf 82' lang='lat' dir='ltr'>abrasit</span> <span class='ocrx_word' id='word_1_21' title='bbox 1906 337 2052 389; x_wconf 89' lang='lat' dir='ltr'><em>partis</em></span> <span class='ocrx_word' id='word_1_22' title='bbox 2080 343 2121 376; x_wconf 91' lang='lat' dir='ltr'>et</span> <span class='ocrx_word' id='word_1_23' title='bbox 2152 338 2254 392; x_wconf 89' lang='lat' dir='ltr'>legit</span> <span class='ocrx_word' id='word_1_24' title='bbox 2283 351 2348 378; x_wconf 88' lang='lat' dir='ltr'>se-</span> 
     </span>
     <span class='ocr_line' id='line_1_3' title="bbox 201 403 2350 461; baseline -0 -13"><span class='ocrx_word' id='word_1_25' title='bbox 201 408 382 461; x_wconf 86' lang='lat' dir='ltr'>cundae)</span> <span class='ocrx_word' id='word_1_26' title='bbox 416 408 517 447; x_wconf 90' lang='lat' dir='ltr'><em>libri</em></span> <span class='ocrx_word' id='word_1_27' title='bbox 544 407 647 446; x_wconf 88' lang='lat' dir='ltr'><em>editi</em></span> <span class='ocrx_word' id='word_1_28' title='bbox 674 421 701 446; x_wconf 91' lang='lat' dir='ltr'>a</span> <span class='ocrx_word' id='word_1_29' title='bbox 723 406 872 459; x_wconf 87' lang='lat' dir='ltr'><em>fratre</em></span> <span class='ocrx_word' id='word_1_30' title='bbox 902 406 1046 445; x_wconf 85' lang='lat' dir='ltr'><em>thoma</em></span> <span class='ocrx_word' id='word_1_31' title='bbox 1078 404 1130 443; x_wconf 89' lang='lat' dir='ltr'><em>de</em></span> <span class='ocrx_word' id='word_1_32' title='bbox 1160 404 1317 455; x_wconf 84' lang='lat' dir='ltr'><em>aquino</em></span> <span class='ocrx_word' id='word_1_33' title='bbox 1352 405 1422 444; x_wconf 87' lang='lat' dir='ltr'><em>De</em></span> <span class='ocrx_word' id='word_1_34' title='bbox 1452 404 1598 444; x_wconf 89' lang='lat' dir='ltr'><em>ordine</em></span> <span class='ocrx_word' id='word_1_35' title='bbox 1622 403 1824 458; x_wconf 83' lang='lat' dir='ltr'><em>fratrum</em></span> <span class='ocrx_word' id='word_1_36' title='bbox 1844 405 2220 458; x_wconf 89' lang='lat' dir='ltr'><em>praedicatorum,·</em></span> <span class='ocrx_word' id='word_1_37' title='bbox 2251 408 2350 447; x_wconf 88' lang='lat' dir='ltr'>folia</span> 
     </span>
     <span class='ocr_line' id='line_1_4' title="bbox 202 473 1515 530; baseline -0.004 -13"><span class='ocrx_word' id='word_1_38' title='bbox 202 477 361 530; x_wconf 89' lang='lat' dir='ltr'>reliqua</span> <span class='ocrx_word' id='word_1_39' title='bbox 393 482 552 530; x_wconf 88' lang='lat' dir='ltr'>partem</span> <span class='ocrx_word' id='word_1_40' title='bbox 587 475 891 526; x_wconf 74' lang='lat' dir='ltr'><em>Quaestionum</em></span> <span class='ocrx_word' id='word_1_41' title='bbox 922 474 1255 526; x_wconf 62' lang='lat' dir='ltr'><em>Dis-putaturum</em></span> <span class='ocrx_word' id='word_1_42' title='bbox 1287 473 1515 513; x_wconf 87' lang='lat' dir='ltr'>continent.</span> 
     </span>
    </p>

    <p class='ocr_par' dir='ltr' id='par_1_2' title="bbox 200 541 2348 667">
     <span class='ocr_line' id='line_1_5' title="bbox 325 541 2348 598; baseline -0 -13"><span class='ocrx_word' id='word_1_43' title='bbox 325 546 377 598; x_wconf 91' lang='lat' dir='ltr'>G)</span> <span class='ocrx_word' id='word_1_44' title='bbox 401 545 630 585; x_wconf 82' lang='lat' dir='ltr'><strong>Vaticanus</strong></span> <span class='ocrx_word' id='word_1_45' title='bbox 655 543 753 596; x_wconf 86' lang='lat'>735,</span> <span class='ocrx_word' id='word_1_46' title='bbox 778 556 886 582; x_wconf 89' lang='lat' dir='ltr'>saec.</span> <span class='ocrx_word' id='word_1_47' title='bbox 910 554 1004 588; x_wconf 90' lang='lat' dir='ltr'>x111,</span> <span class='ocrx_word' id='word_1_48' title='bbox 1039 541 1236 580; x_wconf 88' lang='lat' dir='ltr'>foliorum</span> <span class='ocrx_word' id='word_1_49' title='bbox 1267 543 1360 593; x_wconf 88' lang='lat'>198.</span> <span class='ocrx_word' id='word_1_50' title='bbox 1395 542 1442 580; x_wconf 90' lang='lat' dir='ltr'>In</span> <span class='ocrx_word' id='word_1_51' title='bbox 1463 541 1687 594; x_wconf 89' lang='lat' dir='ltr'>principio:</span> <span class='ocrx_word' id='word_1_52' title='bbox 1721 542 1875 595; x_wconf 76' lang='lat' dir='ltr'><em>Incipit</em></span> <span class='ocrx_word' id='word_1_53' title='bbox 1891 543 2076 583; x_wconf 89' lang='lat' dir='ltr'><em>secunda</em></span> <span class='ocrx_word' id='word_1_54' title='bbox 2100 549 2190 591; x_wconf 89' lang='lat' dir='ltr'>etc.,</span> <span class='ocrx_word' id='word_1_55' title='bbox 2214 550 2260 584; x_wconf 93' lang='lat' dir='ltr'>ut</span> <span class='ocrx_word' id='word_1_56' title='bbox 2287 545 2348 593; x_wconf 90' lang='lat' dir='ltr'>D;</span> 
     </span>
     <span class='ocr_line' id='line_1_6' title="bbox 200 610 2019 667; baseline -0.002 -12"><span class='ocrx_word' id='word_1_57' title='bbox 200 615 343 655; x_wconf 90' lang='lat' dir='ltr'>titulos</span> <span class='ocrx_word' id='word_1_58' title='bbox 377 621 472 654; x_wconf 89' lang='lat' dir='ltr'>ante</span> <span class='ocrx_word' id='word_1_59' title='bbox 506 614 775 667; x_wconf 82' lang='lat' dir='ltr'>quaestiones</span> <span class='ocrx_word' id='word_1_60' title='bbox 810 612 995 659; x_wconf 82' lang='lat' dir='ltr'>exhibet3</span> <span class='ocrx_word' id='word_1_61' title='bbox 1030 611 1131 650; x_wconf 90' lang='lat' dir='ltr'>folio</span> <span class='ocrx_word' id='word_1_62' title='bbox 1173 623 1254 662; x_wconf 88' lang='lat'>194</span> <span class='ocrx_word' id='word_1_63' title='bbox 1288 611 1432 664; x_wconf 88' lang='lat' dir='ltr'>incipit</span> <span class='ocrx_word' id='word_1_64' title='bbox 1464 610 1591 650; x_wconf 86' lang='lat' dir='ltr'>index</span> <span class='ocrx_word' id='word_1_65' title='bbox 1624 617 1750 650; x_wconf 87' lang='lat' dir='ltr'>manu</span> <span class='ocrx_word' id='word_1_66' title='bbox 1783 612 2019 664; x_wconf 83' lang='lat' dir='ltr'>posteriori.</span> 
     </span>
    </p>

    <p class='ocr_par' dir='ltr' id='par_1_3' title="bbox 189 679 2353 1015">
     <span class='ocr_line' id='line_1_7' title="bbox 324 679 2351 736; baseline 0 -13"><span class='ocrx_word' id='word_1_67' title='bbox 324 684 380 736; x_wconf 94' lang='lat' dir='ltr'>H)</span> <span class='ocrx_word' id='word_1_68' title='bbox 405 683 587 723; x_wconf 82' lang='lat' dir='ltr'>Urbinas</span> <span class='ocrx_word' id='word_1_69' title='bbox 619 684 711 729; x_wconf 87' lang='lat'>130,</span> <span class='ocrx_word' id='word_1_70' title='bbox 736 694 844 721; x_wconf 89' lang='lat' dir='ltr'>saec.</span> <span class='ocrx_word' id='word_1_71' title='bbox 868 692 939 727; x_wconf 85' lang='lat' dir='ltr'>xv,</span> <span class='ocrx_word' id='word_1_72' title='bbox 964 680 1159 720; x_wconf 89' lang='lat' dir='ltr'>foliorum</span> <span class='ocrx_word' id='word_1_73' title='bbox 1186 691 1284 732; x_wconf 91' lang='lat'>270.</span> <span class='ocrx_word' id='word_1_74' title='bbox 1319 681 1365 719; x_wconf 91' lang='lat' dir='ltr'>In</span> <span class='ocrx_word' id='word_1_75' title='bbox 1387 679 1591 733; x_wconf 90' lang='lat' dir='ltr'>principio</span> <span class='ocrx_word' id='word_1_76' title='bbox 1622 685 1663 718; x_wconf 88' lang='lat' dir='ltr'>et</span> <span class='ocrx_word' id='word_1_77' title='bbox 1691 679 1773 719; x_wconf 90' lang='lat' dir='ltr'>fine</span> <span class='ocrx_word' id='word_1_78' title='bbox 1802 680 1968 735; x_wconf 87' lang='lat' dir='ltr'>indicis:</span> <span class='ocrx_word' id='word_1_79' title='bbox 2001 682 2217 734; x_wconf 76' lang='lat' dir='ltr'><em>Incipiunt</em></span> <span class='ocrx_word' id='word_1_80' title='bbox 2236 684 2351 734; x_wconf 86' lang='lat' dir='ltr'><em>(Ex-</em></span> 
     </span>
     <span class='ocr_line' id='line_1_8' title="bbox 190 749 2353 807; baseline 0 -14"><span class='ocrx_word' id='word_1_81' title='bbox 190 754 395 807; x_wconf 87' lang='lat' dir='ltr'><em>pliciunt)</em></span> <span class='ocrx_word' id='word_1_82' title='bbox 428 752 614 806; x_wconf 88' lang='lat' dir='ltr'><em>capitula</em></span> <span class='ocrx_word' id='word_1_83' title='bbox 637 752 810 805; x_wconf 88' lang='lat' dir='ltr'><em>primae</em></span> <span class='ocrx_word' id='word_1_84' title='bbox 832 751 978 803; x_wconf 88' lang='lat' dir='ltr'><em>partis</em></span> <span class='ocrx_word' id='word_1_85' title='bbox 1014 749 1189 790; x_wconf 87' lang='lat' dir='ltr'><em>secundi</em></span> <span class='ocrx_word' id='word_1_86' title='bbox 1218 749 1318 790; x_wconf 93' lang='lat' dir='ltr'><em>libri</em></span> <span class='ocrx_word' id='word_1_87' title='bbox 1356 749 1460 789; x_wconf 90' lang='lat' dir='ltr'><em>editi</em></span> <span class='ocrx_word' id='word_1_88' title='bbox 1487 763 1515 789; x_wconf 89' lang='lat' dir='ltr'>a</span> <span class='ocrx_word' id='word_1_89' title='bbox 1547 751 1693 788; x_wconf 90' lang='lat' dir='ltr'><em>sancto</em></span> <span class='ocrx_word' id='word_1_90' title='bbox 1732 750 1876 789; x_wconf 88' lang='lat' dir='ltr'><em>thoma</em></span> <span class='ocrx_word' id='word_1_91' title='bbox 1908 750 1960 790; x_wconf 90' lang='lat' dir='ltr'><em>de</em></span> <span class='ocrx_word' id='word_1_92' title='bbox 1998 752 2154 803; x_wconf 87' lang='lat' dir='ltr'><em>aquino</em></span> <span class='ocrx_word' id='word_1_93' title='bbox 2191 753 2353 794; x_wconf 79' lang='lat' dir='ltr'>ordinis</span> 
     </span>
     <span class='ocr_line' id='line_1_9' title="bbox 190 819 2352 877; baseline 0 -14"><span class='ocrx_word' id='word_1_94' title='bbox 190 822 561 877; x_wconf 88' lang='lat' dir='ltr'><em>praedicatorum‚·</em></span> <span class='ocrx_word' id='word_1_95' title='bbox 593 821 693 861; x_wconf 89' lang='lat' dir='ltr'>folio</span> <span class='ocrx_word' id='word_1_96' title='bbox 724 834 769 872; x_wconf 88' lang='lat'>9:</span> <span class='ocrx_word' id='word_1_97' title='bbox 802 821 957 873; x_wconf 79' lang='lat' dir='ltr'><em>Incipit</em></span> <span class='ocrx_word' id='word_1_98' title='bbox 977 820 1125 873; x_wconf 88' lang='lat' dir='ltr'><em>prima</em></span> <span class='ocrx_word' id='word_1_99' title='bbox 1149 822 1262 873; x_wconf 88' lang='lat' dir='ltr'><em>pars</em></span> <span class='ocrx_word' id='word_1_100' title='bbox 1294 819 1503 859; x_wconf 90' lang='lat' dir='ltr'><em>secundae</em></span> <span class='ocrx_word' id='word_1_101' title='bbox 1526 819 1671 872; x_wconf 86' lang='lat' dir='ltr'><em>partis</em></span> <span class='ocrx_word' id='word_1_102' title='bbox 1706 831 1899 859; x_wconf 86' lang='lat' dir='ltr'>summae</span> <span class='ocrx_word' id='word_1_103' title='bbox 1929 822 2070 860; x_wconf 89' lang='lat' dir='ltr'><em>sancti</em></span> <span class='ocrx_word' id='word_1_104' title='bbox 2099 822 2269 862; x_wconf 89' lang='lat' dir='ltr'><em>thomae</em></span> <span class='ocrx_word' id='word_1_105' title='bbox 2300 823 2352 864; x_wconf 91' lang='lat' dir='ltr'><em>de</em></span> 
     </span>
     <span class='ocr_line' id='line_1_10' title="bbox 198 887 2351 944; baseline 0 -12"><span class='ocrx_word' id='word_1_106' title='bbox 198 893 353 944; x_wconf 85' lang='lat' dir='ltr'><em>aquino</em></span> <span class='ocrx_word' id='word_1_107' title='bbox 375 891 535 931; x_wconf 84' lang='lat' dir='ltr'><em>ordinis</em></span> <span class='ocrx_word' id='word_1_108' title='bbox 546 889 895 944; x_wconf 88' lang='lat' dir='ltr'><em>praedicatorum</em></span> <span class='ocrx_word' id='word_1_109' title='bbox 917 889 1131 942; x_wconf 86' lang='lat' dir='ltr'><em>feliciter,·</em></span> <span class='ocrx_word' id='word_1_110' title='bbox 1163 889 1205 928; x_wconf 92' lang='lat' dir='ltr'>in</span> <span class='ocrx_word' id='word_1_111' title='bbox 1228 889 1311 929; x_wconf 89' lang='lat' dir='ltr'>fine</span> <span class='ocrx_word' id='word_1_112' title='bbox 1332 889 1528 942; x_wconf 84' lang='lat' dir='ltr'><em>Explicit</em></span> <span class='ocrx_word' id='word_1_113' title='bbox 1543 921 1551 929; x_wconf 90' lang='lat'>.</span> <span class='ocrx_word' id='word_1_114' title='bbox 1566 921 1597 928; x_wconf 91' lang='lat'>..</span> <span class='ocrx_word' id='word_1_115' title='bbox 1633 887 1684 928; x_wconf 93' lang='lat' dir='ltr'><em>de</em></span> <span class='ocrx_word' id='word_1_116' title='bbox 1705 888 1870 940; x_wconf 80' lang='lat' dir='ltr'>aquino,</span> <span class='ocrx_word' id='word_1_117' title='bbox 1908 888 1960 927; x_wconf 92' lang='lat' dir='ltr'><em>de</em></span> <span class='ocrx_word' id='word_1_118' title='bbox 1985 889 2132 930; x_wconf 80' lang='lat' dir='ltr'><em>ordine</em></span> <span class='ocrx_word' id='word_1_119' title='bbox 2149 890 2351 944; x_wconf 81' lang='lat' dir='ltr'><em>fratrum</em></span> 
     </span>
     <span class='ocr_line' id='line_1_11' title="bbox 189 956 1831 1015; baseline -0.002 -15"><span class='ocrx_word' id='word_1_120' title='bbox 189 960 537 1015; x_wconf 88' lang='lat' dir='ltr'><em>praedicatorum</em></span> <span class='ocrx_word' id='word_1_121' title='bbox 568 958 820 998; x_wconf 74' lang='lat' dir='ltr'><em>venerabilis</em></span> <span class='ocrx_word' id='word_1_122' title='bbox 852 959 1054 1004; x_wconf 87' lang='lat' dir='ltr'><em>doctoris,·</em></span> <span class='ocrx_word' id='word_1_123' title='bbox 1086 964 1182 998; x_wconf 90' lang='lat' dir='ltr'>ante</span> <span class='ocrx_word' id='word_1_124' title='bbox 1217 958 1490 1011; x_wconf 83' lang='lat' dir='ltr'>quaestiones</span> <span class='ocrx_word' id='word_1_125' title='bbox 1526 958 1670 997; x_wconf 90' lang='lat' dir='ltr'>titulos</span> <span class='ocrx_word' id='word_1_126' title='bbox 1703 956 1831 997; x_wconf 82' lang='lat' dir='ltr'>addit.</span> 
     </span>
    </p>

    <p class='ocr_par' dir='ltr' id='par_1_4' title="bbox 188 1027 2353 1291">
     <span class='ocr_line' id='line_1_12' title="bbox 320 1027 2352 1082; baseline 0.001 -13"><span class='ocrx_word' id='word_1_127' title='bbox 320 1030 352 1082; x_wconf 94' lang='lat' dir='ltr'>I)</span> <span class='ocrx_word' id='word_1_128' title='bbox 385 1029 598 1069; x_wconf 86' lang='lat' dir='ltr'>Palatinus</span> <span class='ocrx_word' id='word_1_129' title='bbox 622 1028 722 1075; x_wconf 85' lang='lat'>353,</span> <span class='ocrx_word' id='word_1_130' title='bbox 747 1041 855 1068; x_wconf 85' lang='lat' dir='ltr'>saec.</span> <span class='ocrx_word' id='word_1_131' title='bbox 879 1040 951 1075; x_wconf 89' lang='lat' dir='ltr'>XV,</span> <span class='ocrx_word' id='word_1_132' title='bbox 985 1041 1258 1081; x_wconf 82' lang='lat' dir='ltr'>papyraceus,</span> <span class='ocrx_word' id='word_1_133' title='bbox 1287 1028 1486 1067; x_wconf 88' lang='lat' dir='ltr'>foliorum</span> <span class='ocrx_word' id='word_1_134' title='bbox 1511 1028 1611 1067; x_wconf 87' lang='lat'>330.</span> <span class='ocrx_word' id='word_1_135' title='bbox 1646 1028 1693 1066; x_wconf 92' lang='lat' dir='ltr'>In</span> <span class='ocrx_word' id='word_1_136' title='bbox 1725 1027 1947 1080; x_wconf 90' lang='lat' dir='ltr'>principio:</span> <span class='ocrx_word' id='word_1_137' title='bbox 1981 1029 2137 1082; x_wconf 77' lang='lat' dir='ltr'><em>Incipit</em></span> <span class='ocrx_word' id='word_1_138' title='bbox 2166 1031 2352 1072; x_wconf 88' lang='lat' dir='ltr'><em>secunda</em></span> 
     </span>
     <span class='ocr_line' id='line_1_13' title="bbox 189 1095 2351 1153; baseline 0.001 -15"><span class='ocrx_word' id='word_1_139' title='bbox 189 1101 300 1153; x_wconf 88' lang='lat' dir='ltr'><em>pars</em></span> <span class='ocrx_word' id='word_1_140' title='bbox 330 1111 522 1138; x_wconf 88' lang='lat' dir='ltr'>summae</span> <span class='ocrx_word' id='word_1_141' title='bbox 542 1098 593 1137; x_wconf 89' lang='lat' dir='ltr'><em>de</em></span> <span class='ocrx_word' id='word_1_142' title='bbox 614 1097 823 1150; x_wconf 74' lang='lat' dir='ltr'><em>theologia</em></span> <span class='ocrx_word' id='word_1_143' title='bbox 856 1097 968 1137; x_wconf 90' lang='lat' dir='ltr'><em>edita</em></span> <span class='ocrx_word' id='word_1_144' title='bbox 1002 1103 1091 1144; x_wconf 89' lang='lat' dir='ltr'>etc.‚</span> <span class='ocrx_word' id='word_1_145' title='bbox 1116 1103 1161 1137; x_wconf 93' lang='lat' dir='ltr'>ut</span> <span class='ocrx_word' id='word_1_146' title='bbox 1193 1098 1253 1144; x_wconf 90' lang='lat' dir='ltr'>D;</span> <span class='ocrx_word' id='word_1_147' title='bbox 1287 1096 1389 1136; x_wconf 89' lang='lat' dir='ltr'>folio</span> <span class='ocrx_word' id='word_1_148' title='bbox 1413 1095 1514 1144; x_wconf 88' lang='lat'>325,</span> <span class='ocrx_word' id='word_1_149' title='bbox 1549 1102 1645 1136; x_wconf 90' lang='lat' dir='ltr'>ante</span> <span class='ocrx_word' id='word_1_150' title='bbox 1679 1095 1883 1136; x_wconf 88' lang='lat' dir='ltr'>indicem:</span> <span class='ocrx_word' id='word_1_151' title='bbox 1917 1097 2134 1150; x_wconf 84' lang='lat' dir='ltr'><em>Incipiunt</em></span> <span class='ocrx_word' id='word_1_152' title='bbox 2162 1100 2351 1153; x_wconf 88' lang='lat' dir='ltr'><em>capitula</em></span> 
     </span>
     <span class='ocr_line' id='line_1_14' title="bbox 188 1164 2353 1222; baseline 0 -14"><span class='ocrx_word' id='word_1_153' title='bbox 188 1168 361 1222; x_wconf 83' lang='lat' dir='ltr'><em>primae</em></span> <span class='ocrx_word' id='word_1_154' title='bbox 383 1168 528 1222; x_wconf 87' lang='lat' dir='ltr'><em>partis</em></span> <span class='ocrx_word' id='word_1_155' title='bbox 558 1167 735 1207; x_wconf 91' lang='lat' dir='ltr'><em>secundi</em></span> <span class='ocrx_word' id='word_1_156' title='bbox 763 1166 863 1207; x_wconf 86' lang='lat' dir='ltr'><em>libri</em></span> <span class='ocrx_word' id='word_1_157' title='bbox 890 1180 1083 1207; x_wconf 79' lang='lat' dir='ltr'><em>summae</em></span> <span class='ocrx_word' id='word_1_158' title='bbox 1114 1166 1250 1206; x_wconf 85' lang='lat' dir='ltr'><em>editae</em></span> <span class='ocrx_word' id='word_1_159' title='bbox 1282 1179 1310 1205; x_wconf 88' lang='lat' dir='ltr'>a</span> <span class='ocrx_word' id='word_1_160' title='bbox 1329 1165 1481 1219; x_wconf 88' lang='lat' dir='ltr'><em>fratre</em></span> <span class='ocrx_word' id='word_1_161' title='bbox 1513 1166 1659 1206; x_wconf 88' lang='lat' dir='ltr'><em>thoma</em></span> <span class='ocrx_word' id='word_1_162' title='bbox 1691 1164 1743 1205; x_wconf 88' lang='lat' dir='ltr'><em>de</em></span> <span class='ocrx_word' id='word_1_163' title='bbox 1773 1166 1931 1218; x_wconf 86' lang='lat' dir='ltr'><em>aquino</em></span> <span class='ocrx_word' id='word_1_164' title='bbox 1967 1166 2130 1207; x_wconf 84' lang='lat' dir='ltr'><em>ordinis</em></span> <span class='ocrx_word' id='word_1_165' title='bbox 2149 1166 2353 1221; x_wconf 88' lang='lat' dir='ltr'><em>fratrum</em></span> 
     </span>
     <span class='ocr_line' id='line_1_15' title="bbox 188 1237 1917 1291; baseline -0.003 -13"><span class='ocrx_word' id='word_1_166' title='bbox 188 1237 548 1291; x_wconf 88' lang='lat' dir='ltr'><em>praedicatorum.</em></span> <span class='ocrx_word' id='word_1_167' title='bbox 1914 1271 1917 1273; x_wconf 83' lang='lat'>.</span> 
     </span>
    </p>

    <p class='ocr_par' dir='ltr' id='par_1_5' title="bbox 158 1305 2353 1643">
     <span class='ocr_line' id='line_1_16' title="bbox 319 1305 2351 1361; baseline 0.001 -15"><span class='ocrx_word' id='word_1_168' title='bbox 319 1306 373 1359; x_wconf 90' lang='lat' dir='ltr'>K)</span> <span class='ocrx_word' id='word_1_169' title='bbox 407 1306 637 1346; x_wconf 88' lang='lat' dir='ltr'>Vaticanus</span> <span class='ocrx_word' id='word_1_170' title='bbox 664 1308 760 1356; x_wconf 89' lang='lat'>732,</span> <span class='ocrx_word' id='word_1_171' title='bbox 787 1319 895 1346; x_wconf 88' lang='lat' dir='ltr'>saec.</span> <span class='ocrx_word' id='word_1_172' title='bbox 919 1318 1005 1352; x_wconf 83' lang='lat' dir='ltr'>x1V,</span> <span class='ocrx_word' id='word_1_173' title='bbox 1035 1311 1183 1346; x_wconf 89' lang='lat' dir='ltr'>vastus</span> <span class='ocrx_word' id='word_1_174' title='bbox 1217 1305 1355 1346; x_wconf 86' lang='lat' dir='ltr'>codex</span> <span class='ocrx_word' id='word_1_175' title='bbox 1385 1305 1584 1345; x_wconf 88' lang='lat' dir='ltr'>foliorum</span> <span class='ocrx_word' id='word_1_176' title='bbox 1608 1317 1709 1357; x_wconf 91' lang='lat'>491.</span> <span class='ocrx_word' id='word_1_177' title='bbox 1744 1305 1876 1345; x_wconf 90' lang='lat' dir='ltr'>Foliis</span> <span class='ocrx_word' id='word_1_178' title='bbox 1911 1307 1984 1346; x_wconf 90' lang='lat'>1-6</span> <span class='ocrx_word' id='word_1_179' title='bbox 2008 1306 2189 1347; x_wconf 90' lang='lat' dir='ltr'>indicem</span> <span class='ocrx_word' id='word_1_180' title='bbox 2219 1321 2351 1361; x_wconf 88' lang='lat' dir='ltr'>quae—</span> 
     </span>
     <span class='ocr_line' id='line_1_17' title="bbox 158 1367 2351 1431; baseline 0.001 -15"><span class='ocrx_word' id='word_1_181' title='bbox 158 1423 160 1426; x_wconf 29' lang='grc'>,</span> <span class='ocrx_word' id='word_1_182' title='bbox 197 1377 381 1417; x_wconf 91' lang='lat' dir='ltr'>stionum</span> <span class='ocrx_word' id='word_1_183' title='bbox 411 1388 554 1423; x_wconf 83' lang='lat' dir='ltr'>1-LXX‚</span> <span class='ocrx_word' id='word_1_184' title='bbox 589 1376 697 1415; x_wconf 89' lang='lat' dir='ltr'>foliis</span> <span class='ocrx_word' id='word_1_185' title='bbox 733 1377 934 1427; x_wconf 88' lang='lat'>266-269</span> <span class='ocrx_word' id='word_1_186' title='bbox 967 1376 1223 1429; x_wconf 89' lang='lat' dir='ltr'>reliquarum</span> <span class='ocrx_word' id='word_1_187' title='bbox 1256 1375 1555 1429; x_wconf 86' lang='lat' dir='ltr'>quaestionum</span> <span class='ocrx_word' id='word_1_188' title='bbox 1589 1375 1775 1423; x_wconf 86' lang='lat' dir='ltr'>exhibet;</span> <span class='ocrx_word' id='word_1_189' title='bbox 1809 1375 1912 1415; x_wconf 91' lang='lat' dir='ltr'>folio</span> <span class='ocrx_word' id='word_1_190' title='bbox 1948 1386 1992 1428; x_wconf 90' lang='lat'>7:</span> <span class='ocrx_word' id='word_1_191' title='bbox 2025 1367 2181 1430; x_wconf 85' lang='lat' dir='ltr'><em>Incipit</em></span> <span class='ocrx_word' id='word_1_192' title='bbox 2200 1378 2351 1431; x_wconf 89' lang='lat' dir='ltr'><em>prima</em></span> 
     </span>
     <span class='ocr_line' id='line_1_18' title="bbox 187 1445 2353 1501; baseline 0.001 -15"><span class='ocrx_word' id='word_1_193' title='bbox 187 1449 299 1500; x_wconf 88' lang='lat' dir='ltr'><em>pars</em></span> <span class='ocrx_word' id='word_1_194' title='bbox 329 1446 537 1486; x_wconf 87' lang='lat' dir='ltr'><em>secundae</em></span> <span class='ocrx_word' id='word_1_195' title='bbox 568 1447 619 1486; x_wconf 87' lang='lat' dir='ltr'><em>de</em></span> <span class='ocrx_word' id='word_1_196' title='bbox 650 1449 772 1499; x_wconf 87' lang='lat' dir='ltr'><em>opere</em></span> <span class='ocrx_word' id='word_1_197' title='bbox 796 1445 963 1499; x_wconf 88' lang='lat' dir='ltr'><em>fratris</em></span> <span class='ocrx_word' id='word_1_198' title='bbox 1000 1447 1170 1486; x_wconf 88' lang='lat' dir='ltr'><em>thomae</em></span> <span class='ocrx_word' id='word_1_199' title='bbox 1205 1446 1256 1486; x_wconf 90' lang='lat' dir='ltr'><em>de</em></span> <span class='ocrx_word' id='word_1_200' title='bbox 1288 1447 1444 1498; x_wconf 87' lang='lat' dir='ltr'><em>aquino</em></span> <span class='ocrx_word' id='word_1_201' title='bbox 1478 1445 1594 1498; x_wconf 87' lang='lat' dir='ltr'>quod</span> <span class='ocrx_word' id='word_1_202' title='bbox 1626 1445 1873 1486; x_wconf 87' lang='lat' dir='ltr'><em>intitulatur</em></span> <span class='ocrx_word' id='word_1_203' title='bbox 1910 1459 2079 1486; x_wconf 88' lang='lat' dir='ltr'>summa</span> <span class='ocrx_word' id='word_1_204' title='bbox 2118 1447 2353 1501; x_wconf 75' lang='lat' dir='ltr'><em>theologiae</em></span> 
     </span>
     <span class='ocr_line' id='line_1_19' title="bbox 198 1510 2351 1570; baseline 0.001 -14"><span class='ocrx_word' id='word_1_205' title='bbox 198 1516 399 1568; x_wconf 74' lang='lat' dir='ltr'><em>Quaestio</em></span> <span class='ocrx_word' id='word_1_206' title='bbox 423 1510 595 1570; x_wconf 82' lang='lat' dir='ltr'><em>prima,-</em></span> <span class='ocrx_word' id='word_1_207' title='bbox 627 1516 926 1569; x_wconf 77' lang='lat' dir='ltr'>quaestionum</span> <span class='ocrx_word' id='word_1_208' title='bbox 965 1516 1070 1556; x_wconf 91' lang='lat' dir='ltr'>tituli</span> <span class='ocrx_word' id='word_1_209' title='bbox 1105 1515 1412 1563; x_wconf 88' lang='lat' dir='ltr'>desiderantur,</span> <span class='ocrx_word' id='word_1_210' title='bbox 1448 1515 1610 1556; x_wconf 88' lang='lat' dir='ltr'>numeri</span> <span class='ocrx_word' id='word_1_211' title='bbox 1650 1515 1840 1570; x_wconf 88' lang='lat' dir='ltr'><em>margine</em></span> <span class='ocrx_word' id='word_1_212' title='bbox 1882 1516 2138 1565; x_wconf 88' lang='lat' dir='ltr'>scribuntur;</span> <span class='ocrx_word' id='word_1_213' title='bbox 2174 1518 2216 1558; x_wconf 92' lang='lat' dir='ltr'>in</span> <span class='ocrx_word' id='word_1_214' title='bbox 2250 1518 2351 1560; x_wconf 87' lang='lat' dir='ltr'>fine:</span> 
     </span>
     <span class='ocr_line' id='line_1_20' title="bbox 194 1585 2352 1643; baseline 0.001 -17"><span class='ocrx_word' id='word_1_215' title='bbox 194 1586 388 1643; x_wconf 83' lang='lat' dir='ltr'><em>Explicit</em></span> <span class='ocrx_word' id='word_1_216' title='bbox 407 1587 556 1639; x_wconf 90' lang='lat' dir='ltr'><em>prima</em></span> <span class='ocrx_word' id='word_1_217' title='bbox 579 1589 692 1639; x_wconf 86' lang='lat' dir='ltr'><em>pars</em></span> <span class='ocrx_word' id='word_1_218' title='bbox 722 1585 899 1626; x_wconf 85' lang='lat' dir='ltr'><em>secundi</em></span> <span class='ocrx_word' id='word_1_219' title='bbox 927 1585 1029 1626; x_wconf 84' lang='lat' dir='ltr'><em>libri</em></span> <span class='ocrx_word' id='word_1_220' title='bbox 1046 1586 1158 1626; x_wconf 84' lang='lat' dir='ltr'><em>edita</em></span> <span class='ocrx_word' id='word_1_221' title='bbox 1180 1599 1207 1625; x_wconf 90' lang='lat' dir='ltr'>a</span> <span class='ocrx_word' id='word_1_222' title='bbox 1218 1585 1369 1639; x_wconf 89' lang='lat' dir='ltr'><em>fratre</em></span> <span class='ocrx_word' id='word_1_223' title='bbox 1390 1586 1535 1626; x_wconf 85' lang='lat' dir='ltr'><em>thoma</em></span> <span class='ocrx_word' id='word_1_224' title='bbox 1557 1585 1608 1625; x_wconf 91' lang='lat' dir='ltr'><em>de</em></span> <span class='ocrx_word' id='word_1_225' title='bbox 1629 1586 1785 1638; x_wconf 88' lang='lat' dir='ltr'><em>aquino</em></span> <span class='ocrx_word' id='word_1_226' title='bbox 1813 1585 1975 1626; x_wconf 88' lang='lat' dir='ltr'><em>ordinis</em></span> <span class='ocrx_word' id='word_1_227' title='bbox 1987 1587 2352 1640; x_wconf 86' lang='lat' dir='ltr'><em>praedicatorum.</em></span> 
     </span>
    </p>

    <p class='ocr_par' dir='ltr' id='par_1_6' title="bbox 194 1655 2353 1849">
     <span class='ocr_line' id='line_1_21' title="bbox 318 1655 2349 1709; baseline 0.002 -14"><span class='ocrx_word' id='word_1_228' title='bbox 318 1656 369 1709; x_wconf 94' lang='lat' dir='ltr'>L)</span> <span class='ocrx_word' id='word_1_229' title='bbox 404 1656 634 1696; x_wconf 86' lang='lat' dir='ltr'>Vaticanus</span> <span class='ocrx_word' id='word_1_230' title='bbox 660 1657 758 1708; x_wconf 88' lang='lat'>733,</span> <span class='ocrx_word' id='word_1_231' title='bbox 783 1668 892 1695; x_wconf 89' lang='lat' dir='ltr'>saec.</span> <span class='ocrx_word' id='word_1_232' title='bbox 915 1667 986 1703; x_wconf 88' lang='lat' dir='ltr'>xv,</span> <span class='ocrx_word' id='word_1_233' title='bbox 1010 1655 1208 1696; x_wconf 87' lang='lat' dir='ltr'>foliorum</span> <span class='ocrx_word' id='word_1_234' title='bbox 1233 1658 1332 1696; x_wconf 91' lang='lat'>206.</span> <span class='ocrx_word' id='word_1_235' title='bbox 1365 1656 1413 1695; x_wconf 93' lang='lat' dir='ltr'>In</span> <span class='ocrx_word' id='word_1_236' title='bbox 1440 1655 1663 1709; x_wconf 89' lang='lat' dir='ltr'>principio:</span> <span class='ocrx_word' id='word_1_237' title='bbox 1697 1655 1852 1708; x_wconf 83' lang='lat' dir='ltr'><em>Incipit</em></span> <span class='ocrx_word' id='word_1_238' title='bbox 1878 1655 2066 1696; x_wconf 89' lang='lat' dir='ltr'><em>secunda</em></span> <span class='ocrx_word' id='word_1_239' title='bbox 2099 1663 2188 1705; x_wconf 71' lang='lat' dir='ltr'>eto,</span> <span class='ocrx_word' id='word_1_240' title='bbox 2223 1664 2269 1698; x_wconf 89' lang='lat' dir='ltr'>ut</span> <span class='ocrx_word' id='word_1_241' title='bbox 2290 1659 2349 1706; x_wconf 91' lang='lat' dir='ltr'>D;</span> 
     </span>
     <span class='ocr_line' id='line_1_22' title="bbox 196 1724 2353 1781; baseline 0.001 -16"><span class='ocrx_word' id='word_1_242' title='bbox 196 1731 292 1765; x_wconf 88' lang='lat' dir='ltr'>ante</span> <span class='ocrx_word' id='word_1_243' title='bbox 325 1726 596 1779; x_wconf 89' lang='lat' dir='ltr'>quaestiones</span> <span class='ocrx_word' id='word_1_244' title='bbox 630 1726 757 1765; x_wconf 88' lang='lat' dir='ltr'>habet</span> <span class='ocrx_word' id='word_1_245' title='bbox 788 1725 950 1773; x_wconf 88' lang='lat' dir='ltr'>titulos;</span> <span class='ocrx_word' id='word_1_246' title='bbox 985 1725 1028 1765; x_wconf 90' lang='lat' dir='ltr'>in</span> <span class='ocrx_word' id='word_1_247' title='bbox 1061 1725 1155 1773; x_wconf 88' lang='lat' dir='ltr'>fine,</span> <span class='ocrx_word' id='word_1_248' title='bbox 1180 1731 1279 1779; x_wconf 91' lang='lat' dir='ltr'>post</span> <span class='ocrx_word' id='word_1_249' title='bbox 1301 1725 1500 1765; x_wconf 88' lang='lat' dir='ltr'>indicem:</span> <span class='ocrx_word' id='word_1_250' title='bbox 1533 1724 1789 1778; x_wconf 85' lang='lat' dir='ltr'><em>Expliciunt</em></span> <span class='ocrx_word' id='word_1_251' title='bbox 1816 1726 2004 1779; x_wconf 90' lang='lat' dir='ltr'><em>capitula</em></span> <span class='ocrx_word' id='word_1_252' title='bbox 2021 1728 2195 1780; x_wconf 85' lang='lat' dir='ltr'><em>primae</em></span> <span class='ocrx_word' id='word_1_253' title='bbox 2207 1729 2353 1781; x_wconf 83' lang='lat' dir='ltr'><em>partis</em></span> 
     </span>
     <span class='ocr_line' id='line_1_23' title="bbox 194 1794 2195 1849; baseline 0.001 -14"><span class='ocrx_word' id='word_1_254' title='bbox 194 1795 371 1835; x_wconf 83' lang='lat' dir='ltr'><em>secundi</em></span> <span class='ocrx_word' id='word_1_255' title='bbox 398 1795 499 1836; x_wconf 90' lang='lat' dir='ltr'><em>libri</em></span> <span class='ocrx_word' id='word_1_256' title='bbox 517 1795 619 1835; x_wconf 91' lang='lat' dir='ltr'><em>editi</em></span> <span class='ocrx_word' id='word_1_257' title='bbox 646 1809 674 1835; x_wconf 89' lang='lat' dir='ltr'>a</span> <span class='ocrx_word' id='word_1_258' title='bbox 694 1795 846 1848; x_wconf 88' lang='lat' dir='ltr'><em>fratre</em></span> <span class='ocrx_word' id='word_1_259' title='bbox 875 1795 916 1834; x_wconf 82' lang='lat' dir='ltr'><em>T</em></span> <span class='ocrx_word' id='word_1_260' title='bbox 908 1795 1036 1836; x_wconf 89' lang='lat' dir='ltr'>homa</span> <span class='ocrx_word' id='word_1_261' title='bbox 1069 1795 1120 1835; x_wconf 88' lang='lat' dir='ltr'><em>de</em></span> <span class='ocrx_word' id='word_1_262' title='bbox 1141 1796 1297 1848; x_wconf 85' lang='lat' dir='ltr'><em>aquino</em></span> <span class='ocrx_word' id='word_1_263' title='bbox 1329 1795 1490 1835; x_wconf 88' lang='lat' dir='ltr'><em>ordinis</em></span> <span class='ocrx_word' id='word_1_264' title='bbox 1503 1794 1865 1849; x_wconf 88' lang='lat' dir='ltr'><em>praedicatorum.</em></span> <span class='ocrx_word' id='word_1_265' title='bbox 1898 1796 1991 1836; x_wconf 90' lang='lat' dir='ltr'><em>Deo</em></span> <span class='ocrx_word' id='word_1_266' title='bbox 2012 1797 2195 1849; x_wconf 87' lang='lat' dir='ltr'><em>gratias.</em></span> 
     </span>
    </p>

    <p class='ocr_par' dir='ltr' id='par_1_7' title="bbox 186 1864 2357 2673">
     <span class='ocr_line' id='line_1_24' title="bbox 318 1864 2353 1921; baseline 0.002 -17"><span class='ocrx_word' id='word_1_267' title='bbox 318 1866 490 1905; x_wconf 87' lang='lat' dir='ltr'>Praeter</span> <span class='ocrx_word' id='word_1_268' title='bbox 522 1865 691 1904; x_wconf 88' lang='lat' dir='ltr'>codices</span> <span class='ocrx_word' id='word_1_269' title='bbox 725 1864 954 1906; x_wconf 88' lang='lat' dir='ltr'>editionem</span> <span class='ocrx_word' id='word_1_270' title='bbox 998 1865 1214 1918; x_wconf 90' lang='lat' dir='ltr'>antiquam</span> <span class='ocrx_word' id='word_1_271' title='bbox 1252 1864 1542 1913; x_wconf 84' lang='lat' dir='ltr'>adhibuimus,</span> <span class='ocrx_word' id='word_1_272' title='bbox 1577 1878 1706 1918; x_wconf 91' lang='lat' dir='ltr'>quam</span> <span class='ocrx_word' id='word_1_273' title='bbox 1738 1878 1766 1905; x_wconf 90' lang='lat' dir='ltr'>a</span> <span class='ocrx_word' id='word_1_274' title='bbox 1799 1865 2086 1914; x_wconf 89' lang='lat' dir='ltr'>nominamus,</span> <span class='ocrx_word' id='word_1_275' title='bbox 2121 1880 2197 1921; x_wconf 87' lang='lat' dir='ltr'>per</span> <span class='ocrx_word' id='word_1_276' title='bbox 2233 1868 2353 1908; x_wconf 82' lang='grc' dir='ltr'><strong>ΗΑΙΝ</strong></span> 
     </span>
     <span class='ocr_line' id='line_1_25' title="bbox 197 1934 2353 1992; baseline 0.002 -18"><span class='ocrx_word' id='word_1_277' title='bbox 197 1934 448 1988; x_wconf 90' lang='lat' dir='ltr'>descriptam</span> <span class='ocrx_word' id='word_1_278' title='bbox 472 1935 515 1974; x_wconf 91' lang='lat' dir='ltr'>in</span> <span class='ocrx_word' id='word_1_279' title='bbox 536 1935 784 1987; x_wconf 85' lang='lat' dir='ltr'><em>Repertorio</em></span> <span class='ocrx_word' id='word_1_280' title='bbox 805 1935 885 1974; x_wconf 89' lang='lat' dir='ltr'>sub</span> <span class='ocrx_word' id='word_1_281' title='bbox 909 1947 1086 1975; x_wconf 89' lang='lat' dir='ltr'>numero</span> <span class='ocrx_word' id='word_1_282' title='bbox 1117 1936 1241 1991; x_wconf 87' lang='lat'>1448.</span> <span class='ocrx_word' id='word_1_283' title='bbox 1276 1935 1323 1974; x_wconf 93' lang='lat' dir='ltr'>In</span> <span class='ocrx_word' id='word_1_284' title='bbox 1346 1934 1428 1974; x_wconf 88' lang='lat' dir='ltr'>fine</span> <span class='ocrx_word' id='word_1_285' title='bbox 1462 1935 1614 1988; x_wconf 91' lang='lat' dir='ltr'>operis,</span> <span class='ocrx_word' id='word_1_286' title='bbox 1639 1941 1735 1974; x_wconf 91' lang='lat' dir='ltr'>ante</span> <span class='ocrx_word' id='word_1_287' title='bbox 1763 1934 1965 1976; x_wconf 86' lang='lat' dir='ltr'>indicem:</span> <span class='ocrx_word' id='word_1_288' title='bbox 1999 1936 2195 1990; x_wconf 86' lang='lat' dir='ltr'><em>Explicit</em></span> <span class='ocrx_word' id='word_1_289' title='bbox 2204 1937 2353 1992; x_wconf 86' lang='lat' dir='ltr'><em>prima</em></span> 
     </span>
     <span class='ocr_line' id='line_1_26' title="bbox 186 2003 2357 2060; baseline 0.002 -16"><span class='ocrx_word' id='word_1_290' title='bbox 186 2008 300 2059; x_wconf 89' lang='lat' dir='ltr'><em>pars</em></span> <span class='ocrx_word' id='word_1_291' title='bbox 319 2003 528 2045; x_wconf 90' lang='lat' dir='ltr'><em>secundae</em></span> <span class='ocrx_word' id='word_1_292' title='bbox 539 2005 686 2058; x_wconf 88' lang='lat' dir='ltr'><em>partis</em></span> <span class='ocrx_word' id='word_1_293' title='bbox 705 2018 857 2045; x_wconf 87' lang='lat' dir='ltr'>sacrae</span> <span class='ocrx_word' id='word_1_294' title='bbox 888 2005 1122 2058; x_wconf 72' lang='lat' dir='ltr'><em>theologiae</em></span> <span class='ocrx_word' id='word_1_295' title='bbox 1143 2005 1323 2045; x_wconf 87' lang='lat' dir='ltr'><em>doctoris</em></span> <span class='ocrx_word' id='word_1_296' title='bbox 1344 2005 1495 2045; x_wconf 87' lang='lat' dir='ltr'><em>eximii</em></span> <span class='ocrx_word' id='word_1_297' title='bbox 1522 2008 1565 2045; x_wconf 90' lang='lat' dir='ltr'>et</span> <span class='ocrx_word' id='word_1_298' title='bbox 1593 2005 1766 2045; x_wconf 90' lang='lat' dir='ltr'><em>luminis</em></span> <span class='ocrx_word' id='word_1_299' title='bbox 1786 2005 1983 2046; x_wconf 89' lang='lat' dir='ltr'><em>ecclesiae</em></span> <span class='ocrx_word' id='word_1_300' title='bbox 2010 2007 2357 2060; x_wconf 76' lang='lat' dir='ltr'><em>praeclarissimi</em></span> 
     </span>
     <span class='ocr_line' id='line_1_27' title="bbox 194 2074 2352 2129; baseline 0.001 -15"><span class='ocrx_word' id='word_1_301' title='bbox 194 2075 335 2114; x_wconf 89' lang='lat' dir='ltr'><em>sancti</em></span> <span class='ocrx_word' id='word_1_302' title='bbox 361 2075 402 2113; x_wconf 87' lang='lat' dir='ltr'><em>T</em></span> <span class='ocrx_word' id='word_1_303' title='bbox 393 2075 545 2114; x_wconf 90' lang='lat' dir='ltr'>homae</span> <span class='ocrx_word' id='word_1_304' title='bbox 577 2074 628 2113; x_wconf 90' lang='lat' dir='ltr'><em>de</em></span> <span class='ocrx_word' id='word_1_305' title='bbox 658 2074 831 2127; x_wconf 84' lang='lat' dir='ltr'><em>Aquino</em></span> <span class='ocrx_word' id='word_1_306' title='bbox 853 2074 1014 2114; x_wconf 88' lang='lat' dir='ltr'><em>ordinis</em></span> <span class='ocrx_word' id='word_1_307' title='bbox 1034 2074 1236 2128; x_wconf 85' lang='lat' dir='ltr'><em>fratrum</em></span> <span class='ocrx_word' id='word_1_308' title='bbox 1253 2074 1604 2128; x_wconf 86' lang='lat' dir='ltr'><em>praedicatorum</em></span> <span class='ocrx_word' id='word_1_309' title='bbox 1614 2089 1628 2114; x_wconf 93' lang='grc'>.·</span> <span class='ocrx_word' id='word_1_310' title='bbox 1659 2075 1874 2128; x_wconf 86' lang='lat' dir='ltr'><em>lmpressa</em></span> <span class='ocrx_word' id='word_1_311' title='bbox 1902 2075 2087 2115; x_wconf 89' lang='lat' dir='ltr'><em>Venetiis</em></span> <span class='ocrx_word' id='word_1_312' title='bbox 2100 2079 2188 2129; x_wconf 89' lang='lat' dir='ltr'>per</span> <span class='ocrx_word' id='word_1_313' title='bbox 2205 2077 2352 2118; x_wconf 88' lang='lat' dir='ltr'>Fran-</span> 
     </span>
     <span class='ocr_line' id='line_1_28' title="bbox 195 2144 2353 2189; baseline 0.001 -3"><span class='ocrx_word' id='word_1_314' title='bbox 195 2146 351 2186; x_wconf 87' lang='lat' dir='ltr'><em>ciscum</em></span> <span class='ocrx_word' id='word_1_315' title='bbox 371 2145 423 2185; x_wconf 89' lang='lat' dir='ltr'><em>de</em></span> <span class='ocrx_word' id='word_1_316' title='bbox 443 2145 660 2184; x_wconf 86' lang='lat' dir='ltr'><em>Hailbrun</em></span> <span class='ocrx_word' id='word_1_317' title='bbox 694 2148 737 2184; x_wconf 90' lang='lat' dir='ltr'>et</span> <span class='ocrx_word' id='word_1_318' title='bbox 753 2146 930 2185; x_wconf 84' lang='lat' dir='ltr'><em>Petrum</em></span> <span class='ocrx_word' id='word_1_319' title='bbox 962 2145 1015 2185; x_wconf 91' lang='lat' dir='ltr'><em>de</em></span> <span class='ocrx_word' id='word_1_320' title='bbox 1033 2146 1204 2186; x_wconf 86' lang='lat' dir='ltr'>Bartua</span> <span class='ocrx_word' id='word_1_321' title='bbox 1231 2145 1361 2184; x_wconf 88' lang='lat' dir='ltr'>Anno</span> <span class='ocrx_word' id='word_1_322' title='bbox 1383 2144 1546 2184; x_wconf 89' lang='lat' dir='ltr'><em>domi-ni</em></span> <span class='ocrx_word' id='word_1_323' title='bbox 1562 2146 1935 2186; x_wconf 76' lang='lat' dir='ltr'>Mccchxxvm.</span> <span class='ocrx_word' id='word_1_324' title='bbox 1959 2147 2006 2185; x_wconf 93' lang='lat' dir='ltr'>In</span> <span class='ocrx_word' id='word_1_325' title='bbox 2033 2153 2181 2187; x_wconf 89' lang='lat' dir='ltr'>nostro</span> <span class='ocrx_word' id='word_1_326' title='bbox 2209 2160 2353 2189; x_wconf 88' lang='lat' dir='ltr'>exem-</span> 
     </span>
     <span class='ocr_line' id='line_1_29' title="bbox 195 2214 2351 2270; baseline 0.002 -15"><span class='ocrx_word' id='word_1_327' title='bbox 195 2215 298 2269; x_wconf 90' lang='lat' dir='ltr'>plari</span> <span class='ocrx_word' id='word_1_328' title='bbox 331 2215 397 2255; x_wconf 89' lang='lat' dir='ltr'>bis</span> <span class='ocrx_word' id='word_1_329' title='bbox 430 2215 610 2255; x_wconf 89' lang='lat' dir='ltr'>occurrit</span> <span class='ocrx_word' id='word_1_330' title='bbox 641 2215 786 2254; x_wconf 83' lang='lat' dir='ltr'>folium</span> <span class='ocrx_word' id='word_1_331' title='bbox 808 2214 850 2268; x_wconf 90' lang='lat' dir='ltr'><em>f</em></span> <span class='ocrx_word' id='word_1_332' title='bbox 863 2227 903 2265; x_wconf 77' lang='grc'>4,</span> <span class='ocrx_word' id='word_1_333' title='bbox 929 2215 1006 2255; x_wconf 87' lang='lat' dir='ltr'>sed</span> <span class='ocrx_word' id='word_1_334' title='bbox 1023 2214 1108 2268; x_wconf 64' lang='lat' dir='ltr'>fa&#39;</span> <span class='ocrx_word' id='word_1_335' title='bbox 1127 2214 1389 2255; x_wconf 89' lang='lat' dir='ltr'>desideratur</span> <span class='ocrx_word' id='word_1_336' title='bbox 1421 2228 1516 2254; x_wconf 91' lang='lat' dir='ltr'>cum</span> <span class='ocrx_word' id='word_1_337' title='bbox 1545 2215 1646 2255; x_wconf 85' lang='lat' dir='ltr'>solio</span> <span class='ocrx_word' id='word_1_338' title='bbox 1680 2216 1881 2268; x_wconf 88' lang='lat' dir='ltr'>replicato</span> <span class='ocrx_word' id='word_1_339' title='bbox 1905 2217 2210 2270; x_wconf 72' lang='lat' dir='ltr'>respondente:</span> <span class='ocrx_word' id='word_1_340' title='bbox 2245 2218 2351 2260; x_wconf 89' lang='lat' dir='ltr'>duas</span> 
     </span>
     <span class='ocr_line' id='line_1_30' title="bbox 196 2284 2351 2339; baseline 0.001 -14"><span class='ocrx_word' id='word_1_341' title='bbox 196 2285 291 2325; x_wconf 91' lang='lat' dir='ltr'>hinc</span> <span class='ocrx_word' id='word_1_342' title='bbox 319 2285 489 2325; x_wconf 88' lang='lat' dir='ltr'>lacunas</span> <span class='ocrx_word' id='word_1_343' title='bbox 522 2284 563 2324; x_wconf 92' lang='lat' dir='ltr'>in</span> <span class='ocrx_word' id='word_1_344' title='bbox 586 2290 787 2337; x_wconf 88' lang='lat' dir='ltr'>apparatu</span> <span class='ocrx_word' id='word_1_345' title='bbox 820 2284 1070 2324; x_wconf 88' lang='lat' dir='ltr'>variantium</span> <span class='ocrx_word' id='word_1_346' title='bbox 1104 2284 1333 2324; x_wconf 91' lang='lat' dir='ltr'>lectionum</span> <span class='ocrx_word' id='word_1_347' title='bbox 1367 2290 1581 2324; x_wconf 90' lang='lat' dir='ltr'>notamus:</span> <span class='ocrx_word' id='word_1_348' title='bbox 1616 2285 1750 2338; x_wconf 90' lang='lat' dir='ltr'>prima</span> <span class='ocrx_word' id='word_1_349' title='bbox 1784 2285 1926 2339; x_wconf 89' lang='lat' dir='ltr'>incipit</span> <span class='ocrx_word' id='word_1_350' title='bbox 1953 2286 2204 2339; x_wconf 87' lang='lat' dir='ltr'>quaestione</span> <span class='ocrx_word' id='word_1_351' title='bbox 2232 2300 2351 2336; x_wconf 79' lang='lat' dir='ltr'>xxw,</span> 
     </span>
     <span class='ocr_line' id='line_1_31' title="bbox 197 2353 2354 2408; baseline 0.001 -14"><span class='ocrx_word' id='word_1_352' title='bbox 197 2360 269 2395; x_wconf 89' lang='lat' dir='ltr'>art.</span> <span class='ocrx_word' id='word_1_353' title='bbox 301 2367 334 2401; x_wconf 88' lang='grc'>1,·</span> <span class='ocrx_word' id='word_1_354' title='bbox 368 2354 409 2394; x_wconf 97' lang='grc'>111</span> <span class='ocrx_word' id='word_1_355' title='bbox 442 2366 632 2408; x_wconf 85' lang='lat' dir='ltr'>corpore,</span> <span class='ocrx_word' id='word_1_356' title='bbox 656 2353 710 2393; x_wconf 89' lang='lat' dir='ltr'>ad</span> <span class='ocrx_word' id='word_1_357' title='bbox 738 2353 871 2393; x_wconf 87' lang='lat' dir='ltr'>verba</span> <span class='ocrx_word' id='word_1_358' title='bbox 903 2353 1056 2393; x_wconf 88' lang='lat' dir='ltr'>bonum</span> <span class='ocrx_word' id='word_1_359' title='bbox 1092 2353 1164 2393; x_wconf 88' lang='lat' dir='ltr'><em>vel</em></span> <span class='ocrx_word' id='word_1_360' title='bbox 1189 2353 1352 2393; x_wconf 90' lang='lat' dir='ltr'>malum</span> <span class='ocrx_word' id='word_1_361' title='bbox 1388 2353 1568 2400; x_wconf 89' lang='lat' dir='ltr'>morale,</span> <span class='ocrx_word' id='word_1_362' title='bbox 1605 2354 1895 2407; x_wconf 88' lang='lat' dir='ltr'>complectitur</span> <span class='ocrx_word' id='word_1_363' title='bbox 1927 2360 2017 2395; x_wconf 89' lang='lat' dir='ltr'>artt.</span> <span class='ocrx_word' id='word_1_364' title='bbox 2054 2368 2078 2395; x_wconf 90' lang='lat'>2</span> <span class='ocrx_word' id='word_1_365' title='bbox 2115 2362 2156 2395; x_wconf 91' lang='lat' dir='ltr'>et</span> <span class='ocrx_word' id='word_1_366' title='bbox 2188 2358 2227 2405; x_wconf 90' lang='lat'>3,</span> <span class='ocrx_word' id='word_1_367' title='bbox 2263 2357 2354 2398; x_wconf 85' lang='lat' dir='ltr'>finit</span> 
     </span>
     <span class='ocr_line' id='line_1_32' title="bbox 195 2422 2351 2478; baseline 0.002 -14"><span class='ocrx_word' id='word_1_368' title='bbox 195 2430 269 2464; x_wconf 88' lang='lat' dir='ltr'>art.</span> <span class='ocrx_word' id='word_1_369' title='bbox 299 2436 347 2474; x_wconf 86' lang='lat'>4,</span> <span class='ocrx_word' id='word_1_370' title='bbox 382 2437 468 2478; x_wconf 88' lang='lat' dir='ltr'>arg.</span> <span class='ocrx_word' id='word_1_371' title='bbox 495 2436 539 2471; x_wconf 89' lang='lat'>2,</span> <span class='ocrx_word' id='word_1_372' title='bbox 580 2423 634 2463; x_wconf 85' lang='lat' dir='ltr'>ad</span> <span class='ocrx_word' id='word_1_373' title='bbox 671 2424 802 2463; x_wconf 88' lang='lat' dir='ltr'>verba</span> <span class='ocrx_word' id='word_1_374' title='bbox 838 2424 939 2463; x_wconf 91' lang='lat' dir='ltr'>Non</span> <span class='ocrx_word' id='word_1_375' title='bbox 976 2437 1076 2477; x_wconf 90' lang='lat' dir='ltr'><em>ergo</em></span> <span class='ocrx_word' id='word_1_376' title='bbox 1113 2422 1284 2476; x_wconf 81' lang='lat' dir='ltr'>aliqua,-</span> <span class='ocrx_word' id='word_1_377' title='bbox 1319 2424 1448 2463; x_wconf 89' lang='lat' dir='ltr'>altera</span> <span class='ocrx_word' id='word_1_378' title='bbox 1485 2424 1628 2477; x_wconf 91' lang='lat' dir='ltr'>incipit</span> <span class='ocrx_word' id='word_1_379' title='bbox 1667 2424 1917 2477; x_wconf 89' lang='lat' dir='ltr'>quaestione</span> <span class='ocrx_word' id='word_1_380' title='bbox 1950 2437 2087 2474; x_wconf 84' lang='lat' dir='ltr'>xxvn,</span> <span class='ocrx_word' id='word_1_381' title='bbox 2127 2433 2202 2467; x_wconf 89' lang='lat' dir='ltr'>art.</span> <span class='ocrx_word' id='word_1_382' title='bbox 2231 2429 2275 2475; x_wconf 88' lang='lat'>3,</span> <span class='ocrx_word' id='word_1_383' title='bbox 2310 2428 2351 2468; x_wconf 90' lang='lat' dir='ltr'>in</span> 
     </span>
     <span class='ocr_line' id='line_1_33' title="bbox 197 2493 2351 2552; baseline 0.002 -18"><span class='ocrx_word' id='word_1_384' title='bbox 197 2506 392 2547; x_wconf 90' lang='lat' dir='ltr'>corpore,</span> <span class='ocrx_word' id='word_1_385' title='bbox 427 2493 481 2533; x_wconf 91' lang='lat' dir='ltr'>ad</span> <span class='ocrx_word' id='word_1_386' title='bbox 513 2493 645 2533; x_wconf 89' lang='lat' dir='ltr'>verba</span> <span class='ocrx_word' id='word_1_387' title='bbox 686 2493 800 2544; x_wconf 90' lang='lat' dir='ltr'><em>Quia</em></span> <span class='ocrx_word' id='word_1_388' title='bbox 838 2494 1064 2545; x_wconf 87' lang='lat' dir='ltr'><em>unicuique</em></span> <span class='ocrx_word' id='word_1_389' title='bbox 1095 2493 1307 2540; x_wconf 84' lang='lat' dir='ltr'><em>existenti,</em></span> <span class='ocrx_word' id='word_1_390' title='bbox 1343 2498 1384 2533; x_wconf 90' lang='lat' dir='ltr'>et</span> <span class='ocrx_word' id='word_1_391' title='bbox 1417 2493 1570 2533; x_wconf 89' lang='lat' dir='ltr'>desinit</span> <span class='ocrx_word' id='word_1_392' title='bbox 1602 2494 1852 2547; x_wconf 87' lang='lat' dir='ltr'>quaestione</span> <span class='ocrx_word' id='word_1_393' title='bbox 1885 2507 2038 2543; x_wconf 87' lang='lat' dir='ltr'>xxvm,</span> <span class='ocrx_word' id='word_1_394' title='bbox 2074 2501 2148 2536; x_wconf 89' lang='lat' dir='ltr'>art.</span> <span class='ocrx_word' id='word_1_395' title='bbox 2182 2508 2227 2544; x_wconf 92' lang='lat'>2,</span> <span class='ocrx_word' id='word_1_396' title='bbox 2262 2511 2351 2552; x_wconf 87' lang='lat' dir='ltr'>arg.</span> 
     </span>
     <span class='ocr_line' id='line_1_34' title="bbox 196 2562 2353 2618; baseline 0.001 -15"><span class='ocrx_word' id='word_1_397' title='bbox 196 2563 287 2603; x_wconf 81' lang='lat' dir='ltr'><em>Sed</em></span> <span class='ocrx_word' id='word_1_398' title='bbox 313 2566 476 2609; x_wconf 87' lang='lat' dir='ltr'>contra,</span> <span class='ocrx_word' id='word_1_399' title='bbox 511 2562 566 2602; x_wconf 90' lang='lat' dir='ltr'>ad</span> <span class='ocrx_word' id='word_1_400' title='bbox 599 2563 731 2602; x_wconf 89' lang='lat' dir='ltr'>verba</span> <span class='ocrx_word' id='word_1_401' title='bbox 762 2565 908 2602; x_wconf 90' lang='lat' dir='ltr'><em>manet</em></span> <span class='ocrx_word' id='word_1_402' title='bbox 935 2563 979 2602; x_wconf 89' lang='lat' dir='ltr'>in</span> <span class='ocrx_word' id='word_1_403' title='bbox 1012 2563 1190 2602; x_wconf 90' lang='lat' dir='ltr'><em>caritate</em></span> <span class='ocrx_word' id='word_1_404' title='bbox 1223 2562 1448 2603; x_wconf 85' lang='lat' dir='ltr'>exclusive.</span> <span class='ocrx_word' id='word_1_405' title='bbox 1486 2563 1581 2603; x_wconf 89' lang='lat' dir='ltr'>Istis</span> <span class='ocrx_word' id='word_1_406' title='bbox 1615 2576 1718 2618; x_wconf 91' lang='lat' dir='ltr'>ergo</span> <span class='ocrx_word' id='word_1_407' title='bbox 1760 2563 2046 2604; x_wconf 89' lang='lat' dir='ltr'>determinatis</span> <span class='ocrx_word' id='word_1_408' title='bbox 2086 2565 2209 2613; x_wconf 85' lang='lat' dir='ltr'>locis,</span> <span class='ocrx_word' id='word_1_409' title='bbox 2245 2566 2353 2606; x_wconf 89' lang='lat' dir='ltr'>circa</span> 
     </span>
     <span class='ocr_line' id='line_1_35' title="bbox 196 2632 1468 2673; baseline -0.001 0"><span class='ocrx_word' id='word_1_410' title='bbox 196 2633 397 2673; x_wconf 90' lang='lat' dir='ltr'>lectiones</span> <span class='ocrx_word' id='word_1_411' title='bbox 431 2647 458 2672; x_wconf 91' lang='lat' dir='ltr'>a</span> <span class='ocrx_word' id='word_1_412' title='bbox 481 2646 533 2673; x_wconf 90' lang='lat' dir='ltr'>ex</span> <span class='ocrx_word' id='word_1_413' title='bbox 566 2639 711 2672; x_wconf 88' lang='lat' dir='ltr'>nostro</span> <span class='ocrx_word' id='word_1_414' title='bbox 745 2633 911 2673; x_wconf 90' lang='lat' dir='ltr'>silentio</span> <span class='ocrx_word' id='word_1_415' title='bbox 946 2633 1045 2672; x_wconf 91' lang='lat' dir='ltr'>nihil</span> <span class='ocrx_word' id='word_1_416' title='bbox 1080 2632 1331 2672; x_wconf 92' lang='lat' dir='ltr'>concludere</span> <span class='ocrx_word' id='word_1_417' title='bbox 1364 2633 1468 2673; x_wconf 91' lang='lat' dir='ltr'>licet.</span> 
     </span>
    </p>

    <p class='ocr_par' dir='ltr' id='par_1_8' title="bbox 196 2702 2352 3176">
     <span class='ocr_line' id='line_1_36' title="bbox 319 2702 2352 2760; baseline 0.001 -17"><span class='ocrx_word' id='word_1_418' title='bbox 319 2702 391 2743; x_wconf 91' lang='lat' dir='ltr'>Ad</span> <span class='ocrx_word' id='word_1_419' title='bbox 424 2702 681 2742; x_wconf 89' lang='lat' dir='ltr'>restituenda</span> <span class='ocrx_word' id='word_1_420' title='bbox 703 2715 807 2742; x_wconf 89' lang='lat' dir='ltr'>vero</span> <span class='ocrx_word' id='word_1_421' title='bbox 831 2715 933 2742; x_wconf 90' lang='lat' dir='ltr'>suae</span> <span class='ocrx_word' id='word_1_422' title='bbox 955 2703 1182 2743; x_wconf 84' lang='lat' dir='ltr'>sinceritati</span> <span class='ocrx_word' id='word_1_423' title='bbox 1204 2716 1252 2742; x_wconf 92' lang='lat' dir='ltr'>ac</span> <span class='ocrx_word' id='word_1_424' title='bbox 1275 2702 1501 2757; x_wconf 86' lang='lat' dir='ltr'>integritati</span> <span class='ocrx_word' id='word_1_425' title='bbox 1524 2703 1840 2744; x_wconf 89' lang='lat' dir='ltr'>Commentaria</span> <span class='ocrx_word' id='word_1_426' title='bbox 1868 2704 2076 2751; x_wconf 77' lang='lat' dir='ltr'>Caietam,</span> <span class='ocrx_word' id='word_1_427' title='bbox 2113 2706 2207 2746; x_wconf 90' lang='lat' dir='ltr'>usui</span> <span class='ocrx_word' id='word_1_428' title='bbox 2230 2720 2352 2760; x_wconf 91' lang='lat' dir='ltr'>prae-</span> 
     </span>
     <span class='ocr_line' id='line_1_37' title="bbox 196 2772 2351 2830; baseline 0.002 -17"><span class='ocrx_word' id='word_1_429' title='bbox 196 2773 340 2814; x_wconf 91' lang='lat' dir='ltr'>sertim</span> <span class='ocrx_word' id='word_1_430' title='bbox 373 2772 448 2812; x_wconf 92' lang='lat' dir='ltr'>suit</span> <span class='ocrx_word' id='word_1_431' title='bbox 480 2772 608 2812; x_wconf 87' lang='lat' dir='ltr'>editio</span> <span class='ocrx_word' id='word_1_432' title='bbox 642 2786 751 2825; x_wconf 85' lang='lat' dir='ltr'>quae</span> <span class='ocrx_word' id='word_1_433' title='bbox 785 2772 976 2812; x_wconf 91' lang='lat' dir='ltr'>Venetiis</span> <span class='ocrx_word' id='word_1_434' title='bbox 1009 2786 1084 2826; x_wconf 91' lang='lat' dir='ltr'>per</span> <span class='ocrx_word' id='word_1_435' title='bbox 1117 2772 1353 2826; x_wconf 88' lang='lat' dir='ltr'>Georgium</span> <span class='ocrx_word' id='word_1_436' title='bbox 1391 2773 1707 2814; x_wconf 90' lang='lat' dir='ltr'>Arrivabenum</span> <span class='ocrx_word' id='word_1_437' title='bbox 1740 2774 1937 2814; x_wconf 90' lang='lat' dir='ltr'>absoluta</span> <span class='ocrx_word' id='word_1_438' title='bbox 1975 2775 2051 2815; x_wconf 83' lang='lat' dir='ltr'>fuit</span> <span class='ocrx_word' id='word_1_439' title='bbox 2083 2789 2196 2816; x_wconf 90' lang='lat' dir='ltr'>anno</span> <span class='ocrx_word' id='word_1_440' title='bbox 2238 2776 2351 2830; x_wconf 90' lang='lat'>1514</span> 
     </span>
     <span class='ocr_line' id='line_1_38' title="bbox 198 2842 2350 2896; baseline 0.002 -13"><span class='ocrx_word' id='word_1_441' title='bbox 198 2842 265 2883; x_wconf 93' lang='lat' dir='ltr'>die</span> <span class='ocrx_word' id='word_1_442' title='bbox 295 2854 350 2893; x_wconf 91' lang='lat'>24</span> <span class='ocrx_word' id='word_1_443' title='bbox 380 2842 529 2883; x_wconf 90' lang='lat' dir='ltr'>Martii.</span> <span class='ocrx_word' id='word_1_444' title='bbox 563 2843 660 2895; x_wconf 88' lang='lat' dir='ltr'>Ipsa</span> <span class='ocrx_word' id='word_1_445' title='bbox 693 2842 804 2882; x_wconf 89' lang='lat' dir='ltr'>enim</span> <span class='ocrx_word' id='word_1_446' title='bbox 838 2848 1039 2895; x_wconf 89' lang='lat' dir='ltr'>tanquam</span> <span class='ocrx_word' id='word_1_447' title='bbox 1073 2843 1264 2883; x_wconf 90' lang='lat' dir='ltr'>omnium</span> <span class='ocrx_word' id='word_1_448' title='bbox 1301 2842 1436 2896; x_wconf 90' lang='lat' dir='ltr'>prima</span> <span class='ocrx_word' id='word_1_449' title='bbox 1472 2843 1669 2883; x_wconf 90' lang='lat' dir='ltr'>habenda</span> <span class='ocrx_word' id='word_1_450' title='bbox 1708 2849 1792 2890; x_wconf 91' lang='lat' dir='ltr'>est,</span> <span class='ocrx_word' id='word_1_451' title='bbox 1833 2857 1928 2884; x_wconf 91' lang='lat' dir='ltr'>curn</span> <span class='ocrx_word' id='word_1_452' title='bbox 1967 2845 2196 2885; x_wconf 89' lang='lat' dir='ltr'>Caietanus</span> <span class='ocrx_word' id='word_1_453' title='bbox 2230 2859 2350 2887; x_wconf 90' lang='lat' dir='ltr'>suam</span> 
     </span>
     <span class='ocr_line' id='line_1_39' title="bbox 198 2912 2352 2968; baseline 0.001 -16"><span class='ocrx_word' id='word_1_454' title='bbox 198 2913 508 2966; x_wconf 89' lang='lat' dir='ltr'>expositionem</span> <span class='ocrx_word' id='word_1_455' title='bbox 540 2913 705 2952; x_wconf 85' lang='lat' dir='ltr'>Primae</span> <span class='ocrx_word' id='word_1_456' title='bbox 739 2912 963 2953; x_wconf 87' lang='lat' dir='ltr'>Secundae</span> <span class='ocrx_word' id='word_1_457' title='bbox 995 2913 1129 2953; x_wconf 90' lang='lat' dir='ltr'>Partis</span> <span class='ocrx_word' id='word_1_458' title='bbox 1164 2912 1231 2953; x_wconf 92' lang='lat' dir='ltr'>die</span> <span class='ocrx_word' id='word_1_459' title='bbox 1267 2926 1323 2964; x_wconf 89' lang='lat'>29</span> <span class='ocrx_word' id='word_1_460' title='bbox 1351 2913 1603 2953; x_wconf 86' lang='lat' dir='ltr'>Decembris</span> <span class='ocrx_word' id='word_1_461' title='bbox 1629 2914 1725 2954; x_wconf 90' lang='lat' dir='ltr'>anni</span> <span class='ocrx_word' id='word_1_462' title='bbox 1757 2914 1863 2954; x_wconf 93' lang='lat'>1511</span> <span class='ocrx_word' id='word_1_463' title='bbox 1895 2915 2141 2968; x_wconf 89' lang='lat' dir='ltr'>expleverit.</span> <span class='ocrx_word' id='word_1_464' title='bbox 2177 2915 2352 2956; x_wconf 86' lang='lat' dir='ltr'>Curavit</span> 
     </span>
     <span class='ocr_line' id='line_1_40' title="bbox 197 2981 2351 3035; baseline 0.001 -13"><span class='ocrx_word' id='word_1_465' title='bbox 197 2989 338 3022; x_wconf 89' lang='lat' dir='ltr'>autem</span> <span class='ocrx_word' id='word_1_466' title='bbox 371 2983 477 3022; x_wconf 89' lang='lat' dir='ltr'>hanc</span> <span class='ocrx_word' id='word_1_467' title='bbox 510 2982 687 3035; x_wconf 89' lang='lat' dir='ltr'>primam</span> <span class='ocrx_word' id='word_1_468' title='bbox 721 2981 950 3022; x_wconf 89' lang='lat' dir='ltr'>editionem</span> <span class='ocrx_word' id='word_1_469' title='bbox 985 2982 1157 3035; x_wconf 89' lang='lat' dir='ltr'>quidam</span> <span class='ocrx_word' id='word_1_470' title='bbox 1194 2983 1319 3022; x_wconf 89' lang='lat' dir='ltr'>frater</span> <span class='ocrx_word' id='word_1_471' title='bbox 1352 2982 1525 3022; x_wconf 88' lang='lat' dir='ltr'>Ordinis</span> <span class='ocrx_word' id='word_1_472' title='bbox 1560 2983 1914 3031; x_wconf 89' lang='lat' dir='ltr'>Praedicatorum,</span> <span class='ocrx_word' id='word_1_473' title='bbox 1953 2985 2139 3024; x_wconf 89' lang='lat' dir='ltr'>Ioannes</span> <span class='ocrx_word' id='word_1_474' title='bbox 2174 2984 2351 3025; x_wconf 87' lang='lat' dir='ltr'>Aloisus</span> 
     </span>
     <span class='ocr_line' id='line_1_41' title="bbox 197 3051 2350 3108; baseline 0.001 -16"><span class='ocrx_word' id='word_1_475' title='bbox 197 3054 388 3093; x_wconf 89' lang='lat' dir='ltr'>Venetus</span> <span class='ocrx_word' id='word_1_476' title='bbox 422 3058 699 3105; x_wconf 89' lang='lat' dir='ltr'>nuncupatus,</span> <span class='ocrx_word' id='word_1_477' title='bbox 724 3051 777 3091; x_wconf 92' lang='lat' dir='ltr'>de</span> <span class='ocrx_word' id='word_1_478' title='bbox 799 3052 1011 3100; x_wconf 87' lang='lat' dir='ltr'>mandato,</span> <span class='ocrx_word' id='word_1_479' title='bbox 1036 3058 1081 3092; x_wconf 91' lang='lat' dir='ltr'>ut</span> <span class='ocrx_word' id='word_1_480' title='bbox 1112 3066 1187 3106; x_wconf 89' lang='lat' dir='ltr'>par</span> <span class='ocrx_word' id='word_1_481' title='bbox 1211 3058 1274 3092; x_wconf 91' lang='lat' dir='ltr'>est</span> <span class='ocrx_word' id='word_1_482' title='bbox 1297 3053 1482 3101; x_wconf 89' lang='lat' dir='ltr'>credere,</span> <span class='ocrx_word' id='word_1_483' title='bbox 1518 3053 1648 3106; x_wconf 88' lang='lat' dir='ltr'>ipsius</span> <span class='ocrx_word' id='word_1_484' title='bbox 1684 3054 1889 3101; x_wconf 79' lang='lat' dir='ltr'>Caietam,</span> <span class='ocrx_word' id='word_1_485' title='bbox 1924 3054 1997 3107; x_wconf 90' lang='lat' dir='ltr'>qui</span> <span class='ocrx_word' id='word_1_486' title='bbox 2018 3059 2118 3094; x_wconf 91' lang='lat' dir='ltr'>tunc</span> <span class='ocrx_word' id='word_1_487' title='bbox 2146 3055 2350 3108; x_wconf 87' lang='lat' dir='ltr'>temporis</span> 
     </span>
     <span class='ocr_line' id='line_1_42' title="bbox 198 3121 1416 3176; baseline -0.001 -13"><span class='ocrx_word' id='word_1_488' title='bbox 198 3135 442 3176; x_wconf 89' lang='lat' dir='ltr'>supremum</span> <span class='ocrx_word' id='word_1_489' title='bbox 476 3121 665 3162; x_wconf 88' lang='lat' dir='ltr'>eiusdem</span> <span class='ocrx_word' id='word_1_490' title='bbox 699 3121 870 3161; x_wconf 90' lang='lat' dir='ltr'>Ordinis</span> <span class='ocrx_word' id='word_1_491' title='bbox 904 3122 1195 3176; x_wconf 87' lang='lat' dir='ltr'>Magisterium</span> <span class='ocrx_word' id='word_1_492' title='bbox 1229 3122 1416 3176; x_wconf 89' lang='lat' dir='ltr'>gerebat.</span> 
     </span>
    </p>

    <p class='ocr_par' dir='ltr' id='par_1_9' title="bbox 198 3191 2352 3386">
     <span class='ocr_line' id='line_1_43' title="bbox 322 3191 2350 3240; baseline 0 -8"><span class='ocrx_word' id='word_1_493' title='bbox 322 3193 520 3232; x_wconf 92' lang='lat' dir='ltr'>Ceterum</span> <span class='ocrx_word' id='word_1_494' title='bbox 554 3191 595 3231; x_wconf 90' lang='lat' dir='ltr'>in</span> <span class='ocrx_word' id='word_1_495' title='bbox 628 3191 874 3231; x_wconf 88' lang='lat' dir='ltr'>recensione</span> <span class='ocrx_word' id='word_1_496' title='bbox 907 3197 996 3231; x_wconf 91' lang='lat' dir='ltr'>tum</span> <span class='ocrx_word' id='word_1_497' title='bbox 1029 3197 1167 3231; x_wconf 87' lang='lat' dir='ltr'>textus</span> <span class='ocrx_word' id='word_1_498' title='bbox 1191 3191 1322 3232; x_wconf 90' lang='lat' dir='ltr'>sancti</span> <span class='ocrx_word' id='word_1_499' title='bbox 1345 3192 1551 3240; x_wconf 89' lang='lat' dir='ltr'>Thomae,</span> <span class='ocrx_word' id='word_1_500' title='bbox 1581 3198 1671 3232; x_wconf 92' lang='lat' dir='ltr'>tum</span> <span class='ocrx_word' id='word_1_501' title='bbox 1695 3192 2115 3233; x_wconf 89' lang='lat' dir='ltr'>Commentationum</span> <span class='ocrx_word' id='word_1_502' title='bbox 2139 3193 2350 3240; x_wconf 88' lang='lat' dir='ltr'>Caietani,</span> 
     </span>
     <span class='ocr_line' id='line_1_44' title="bbox 198 3262 2352 3316; baseline 0 -14"><span class='ocrx_word' id='word_1_503' title='bbox 198 3276 284 3303; x_wconf 91' lang='lat' dir='ltr'>non</span> <span class='ocrx_word' id='word_1_504' title='bbox 317 3262 601 3303; x_wconf 87' lang='lat' dir='ltr'>recedendum</span> <span class='ocrx_word' id='word_1_505' title='bbox 634 3262 874 3314; x_wconf 88' lang='lat' dir='ltr'>putavimus</span> <span class='ocrx_word' id='word_1_506' title='bbox 907 3262 960 3301; x_wconf 89' lang='lat' dir='ltr'>ab</span> <span class='ocrx_word' id='word_1_507' title='bbox 995 3262 1063 3302; x_wconf 89' lang='lat' dir='ltr'>illa</span> <span class='ocrx_word' id='word_1_508' title='bbox 1095 3262 1165 3302; x_wconf 90' lang='lat' dir='ltr'>via</span> <span class='ocrx_word' id='word_1_509' title='bbox 1197 3275 1245 3302; x_wconf 88' lang='lat' dir='ltr'>ac</span> <span class='ocrx_word' id='word_1_510' title='bbox 1284 3262 1448 3302; x_wconf 87' lang='lat' dir='ltr'>ratione</span> <span class='ocrx_word' id='word_1_511' title='bbox 1486 3276 1614 3316; x_wconf 91' lang='lat' dir='ltr'>quam</span> <span class='ocrx_word' id='word_1_512' title='bbox 1651 3263 1694 3302; x_wconf 92' lang='lat' dir='ltr'>in</span> <span class='ocrx_word' id='word_1_513' title='bbox 1731 3262 1979 3303; x_wconf 88' lang='lat' dir='ltr'>adornanda</span> <span class='ocrx_word' id='word_1_514' title='bbox 2017 3263 2095 3304; x_wconf 91' lang='lat' dir='ltr'>hac</span> <span class='ocrx_word' id='word_1_515' title='bbox 2131 3264 2352 3304; x_wconf 88' lang='lat' dir='ltr'>Leoniana</span> 
     </span>
     <span class='ocr_line' id='line_1_45' title="bbox 199 3331 2350 3386; baseline 0 -14"><span class='ocrx_word' id='word_1_516' title='bbox 199 3332 402 3372; x_wconf 87' lang='lat' dir='ltr'>Summae</span> <span class='ocrx_word' id='word_1_517' title='bbox 419 3331 708 3386; x_wconf 89' lang='lat' dir='ltr'>Theologicae</span> <span class='ocrx_word' id='word_1_518' title='bbox 733 3331 928 3378; x_wconf 89' lang='lat' dir='ltr'>editione,</span> <span class='ocrx_word' id='word_1_519' title='bbox 953 3331 1010 3371; x_wconf 90' lang='lat' dir='ltr'>rei</span> <span class='ocrx_word' id='word_1_520' title='bbox 1039 3337 1186 3371; x_wconf 90' lang='lat' dir='ltr'>natura</span> <span class='ocrx_word' id='word_1_521' title='bbox 1209 3337 1250 3372; x_wconf 91' lang='lat' dir='ltr'>et</span> <span class='ocrx_word' id='word_1_522' title='bbox 1271 3331 1467 3372; x_wconf 88' lang='lat' dir='ltr'>adiuncta</span> <span class='ocrx_word' id='word_1_523' title='bbox 1489 3332 1572 3372; x_wconf 92' lang='lat' dir='ltr'>iam</span> <span class='ocrx_word' id='word_1_524' title='bbox 1593 3346 1619 3372; x_wconf 91' lang='lat' dir='ltr'>a</span> <span class='ocrx_word' id='word_1_525' title='bbox 1640 3331 1844 3385; x_wconf 90' lang='lat' dir='ltr'>principio</span> <span class='ocrx_word' id='word_1_526' title='bbox 1875 3338 2099 3372; x_wconf 89' lang='lat' dir='ltr'>suaserunt</span> <span class='ocrx_word' id='word_1_527' title='bbox 2122 3333 2350 3373; x_wconf 88' lang='lat' dir='ltr'>ineundam</span> 
     </span>
    </p>
   </div>
   <div class='ocr_carea' id='block_1_2' title="bbox 199 3401 1719 3511">
    <p class='ocr_par' dir='ltr' id='par_1_10' title="bbox 199 3401 1719 3511">
     <span class='ocr_line' id='line_1_46' title="bbox 199 3401 1150 3455; baseline 0 -13"><span class='ocrx_word' id='word_1_528' title='bbox 199 3401 324 3454; x_wconf 91' lang='lat' dir='ltr'>(conf.</span> <span class='ocrx_word' id='word_1_529' title='bbox 347 3402 479 3442; x_wconf 88' lang='lat' dir='ltr'>Praes.</span> <span class='ocrx_word' id='word_1_530' title='bbox 504 3401 558 3442; x_wconf 92' lang='lat' dir='ltr'>ad</span> <span class='ocrx_word' id='word_1_531' title='bbox 580 3402 597 3441; x_wconf 96' lang='lat' dir='ltr'>I</span> <span class='ocrx_word' id='word_1_532' title='bbox 619 3402 717 3442; x_wconf 90' lang='lat' dir='ltr'>Vol.</span> <span class='ocrx_word' id='word_1_533' title='bbox 742 3402 945 3442; x_wconf 78' lang='lat' dir='ltr'>Summae</span> <span class='ocrx_word' id='word_1_534' title='bbox 985 3402 1025 3440; x_wconf 88' lang='lat' dir='ltr'><em>T</em></span> <span class='ocrx_word' id='word_1_535' title='bbox 1018 3401 1150 3455; x_wconf 79' lang='lat' dir='ltr'>heol).</span> 
     </span>
     <span class='ocr_line' id='line_1_47' title="bbox 828 3485 1719 3511; baseline 0 -12"><span class='ocrx_word' id='word_1_536' title='bbox 828 3485 1719 3511; x_wconf 38' lang='lat' dir='ltr'>——ssffl</span> 
     </span>
    </p>
   </div>
  </div>
 </body>
</html>
