2852 4152
108 2135 118 2143 ·
132 2134 168 2154 De
182 2133 261 2160 Verit„
281 2140 319 2162 qu.

108 2166 176 2187 xxvi,
192 2164 234 2182 art.
248 2167 269 2189 3.

364 201 435 236 170

1047 193 1311 239 QUAESTIO
1341 195 1462 241 XXII,
1491 195 1785 232 ARTICULUS
1815 197 1846 231 II

357 266 395 303 in
423 266 480 303 his
509 279 607 315 quae
634 268 822 316 pertinent
850 270 898 307 ad
928 270 1128 308 defectum.
1160 273 1262 307 Nam
1287 272 1324 307 in
1357 272 1415 307 his
1440 271 1444 322 Ι
1469 272 1568 319 ipsa:
1593 285 1661 320 per
1680 273 1866 309 actionem
1889 272 1990 309 enim
2010 273 2232 311 exteriorem
2250 269 2524 322 pervenimus⁶

357 331 454 367 quae
474 319 522 356 ad
537 320 807 368 perfectionem
822 323 1020 370 pertinent,
1037 324 1236 360 attenditur
1254 323 1414 359 intensio

357 384 425 419 per
453 384 648 418 accessum
678 375 725 410 ad
753 387 873 411 unum
901 375 1068 423 primum
1088 375 1325 423 principium,
1356 375 1414 410 cui

358 431 499 472 quanto
530 433 584 461 est
611 425 752 473 aliquid
780 427 1049 475 propinquius,
1079 434 1182 463 tanto
1212 434 1267 462 est
1295 426 1413 473 magis

356 476 568 514 intensum:
598 478 691 514 sicut
718 478 876 515 intensio
906 479 1019 514 lucidi
1047 478 1248 514 attenditur
1265 490 1334 525 per
1353 490 1412 514 ac-

358 541 506 566 cessum
533 531 582 567 ad
610 530 750 578 aliquid
782 543 931 567 summe
965 530 1152 575 lucidum,
1183 529 1242 565 cui
1270 537 1412 577 quanto

357 582 499 628 aliquid
527 582 646 629 magis
675 583 966 630 appropinquat,
996 589 1099 617 tanto
1130 589 1184 618 est
1211 582 1330 629 magis
1359 583 1413 618 lu-

358 634 496 670 cidum.
529 635 603 671 Sed
633 634 669 670 in
698 635 755 670 his
784 647 881 681 quae
911 634 959 669 ad
988 633 1176 670 defectum
1207 635 1410 682 pertinent,

357 686 557 723 attenditur
584 686 744 722 intensio
773 698 850 722 non
875 698 942 733 per
974 698 1169 722 accessum
1190 687 1238 723 ad
1257 686 1426 734 aliquod'

357 751 563 785 summum,
590 739 657 775 sed
684 751 753 785 per
781 750 978 774 recessum*
1001 750 1022 774 a
1049 739 1236 786 perfecto:
1266 740 1355 788 quia
1373 740 1412 776 in

355 792 430 827 hoc
458 791 550 827 ratio
570 790 787 838 privationis
809 797 843 826 et
862 790 1028 826 defectus
1049 791 1226 828 consistit.
1257 793 1306 828 Et
1323 792 1410 829 ideo

357 850 498 890 quanto
527 843 652 878 minus
686 842 825 879 recedit
853 854 874 878 a
901 842 1042 890 primo,
1072 850 1175 880 tanto
1204 851 1260 880 est
1287 845 1411 882 minus

355 896 564 932 intensum:
591 902 626 931 et
645 901 799 942 propter
817 895 902 942 hoc,
924 894 961 931 in
980 894 1165 944 principio
1186 909 1338 945 semper
1356 898 1411 934 in-

357 948 504 984 venitur
530 959 671 994 parvus
696 947 875 993 defectus,
910 947 974 996 qui
1003 955 1136 996 postea
1163 950 1410 997 procedendo

354 1000 474 1046 magis
502 999 778 1046 multiplicatur.
813 999 944 1036 Passio
983 1008 1110 1037 autem
1143 1001 1192 1037 ad
1220 1002 1408 1038 defectum

353 1052 526 1100 pertinet:
557 1052 645 1098 quia
670 1059 724 1088 est
742 1051 897 1088 alicuius
926 1054 1136 1090 secundum
1166 1054 1269 1101 quod
1300 1062 1354 1090 est
1372 1054 1410 1091 in

353 1104 532 1152 potentia.
561 1104 673 1141 Unde
692 1104 730 1140 in
753 1104 810 1140 his
830 1116 927 1152 quae
957 1105 1262 1154 appropinquant
1284 1106 1409 1153 primo

352 1157 531 1205 perfecto,
562 1157 699 1193 scilicet
717 1158 813 1203 Deo,
835 1157 1024 1194 invenitur
1041 1170 1176 1206 parum
1199 1158 1244 1194 de
1265 1158 1410 1195 ratione

351 1209 542 1258 potentiae
558 1217 594 1245 et
607 1209 810 1258 passionis:
830 1209 868 1246 in
884 1209 962 1246 aliis
978 1217 1104 1246 autem
1122 1218 1408 1258 consequenter,

351 1263 447 1310 plus.
473 1263 522 1298 Et
546 1262 598 1298 sic
618 1262 730 1298 etiam
751 1262 788 1298 in
807 1261 922 1310 priori
941 1262 980 1298 vi
1000 1262 1160 1308 animae,
1183 1262 1320 1300 scilicet
1344 1276 1408 1312 ap-

352 1314 590 1362 prehensiva,
617 1314 803 1350 invenitur
828 1314 954 1350 minus
979 1315 1026 1351 de
1047 1314 1189 1351 ratione
1208 1316 1406 1363 passionis.

405 1369 463 1403 AD
492 1379 680 1404 SECUNDUM
713 1378 894 1403 DICENDUM
923 1367 1029 1416 quod
1053 1367 1111 1404 vis
1131 1368 1335 1416 appetitiva
1355 1369 1408 1405 di-

353 1420 446 1456 citur
479 1432 559 1456 esse
599 1419 718 1466 magis
751 1419 892 1466 activa,
923 1419 1010 1468 quia
1044 1427 1098 1456 est
1125 1420 1245 1468 magis
1273 1421 1408 1469 princi-

349 1472 457 1520 pium
486 1472 676 1508 exterioris
706 1479 821 1508 actus.
852 1473 901 1508 Et
926 1473 1002 1509 hoc
1033 1473 1148 1509 habet
1167 1485 1212 1509 ex
1230 1473 1305 1510 hoc
1323 1473 1407 1522 ipso

351 1537 396 1561 ex
425 1537 500 1573 quo
529 1525 644 1561 habet
671 1525 777 1572 quod
805 1524 850 1561 sit
869 1525 987 1572 magis
1006 1525 1169 1573 passiva,
1190 1526 1330 1562 scilicet
1362 1539 1407 1563 ex

349 1578 424 1614 hoc
453 1578 555 1626 quod
589 1578 703 1614 habet
740 1577 915 1614 ordinem
943 1577 992 1614 ad
1020 1589 1101 1614 rem
1133 1586 1175 1614 ut
1203 1586 1259 1615 est
1284 1579 1322 1615 in
1350 1591 1407 1615 se—

401 1698 425 1732 δ)
441 1700 620 1731 pervenimus.
638 1714 657 1718 -
675 1698 793 1725 venimus
812 1701 858 1725 Ρα.

1470 324 1518 360 ad
1548 324 1836 371 consequendas
1866 336 1936 360 res.

1521 378 1579 412 AD
1612 388 1770 412 TERTIUM
1802 387 1984 412 DICENDUM
2016 376 2140 424 quod,
2171 377 2264 413 sicut
2290 377 2329 414 in
2356 378 2485 414 Primo
2505 378 2524 399 ’¹‘

1470 426 1610 463 dictum
1646 436 1720 473 est,
1761 427 1957 475 dupliciter
1993 439 2178 475 organum
2214 428 2364 465 animae
2401 437 2525 477 potest

1467 479 1719 515 transmutari.
1745 479 1831 515 Uno
1852 479 1982 526 modo,
2002 481 2311 517 transmutatione
2331 481 2522 529 spirituali,

1467 531 1680 567 secundum
1709 531 1815 578 quod
1842 532 1973 580 recipit
1999 532 2247 570 intentionem
2276 533 2340 570 rei.
2375 534 2424 570 Et
2449 534 2523 570 hoc

1466 590 1536 630 per
1563 595 1602 618 se
1631 583 1822 620 invenitur
1856 583 1894 621 in
1932 592 2017 621 actu
2045 585 2342 634 apprehensivae
2377 585 2522 622 virtutis

1467 635 1687 671 sensitivae:
1717 635 1812 673 sicut
1835 637 1967 674 oculus
1993 637 2215 675 immutatur
2233 651 2256 675 a
2273 637 2423 684 visibili,
2443 650 2522 675 non

1466 688 1516 724 ita
1544 687 1649 735 quod
1679 689 1886 735 coloretur,
1916 689 1984 726 sed
2011 689 2061 726 ita
2089 692 2194 738 quod
2223 690 2376 739 recipiat
2402 690 2521 727 inten-

1467 740 1610 776 tionem
1639 740 1784 777 coloris.
1816 741 1883 777 Est
1911 749 2038 778 autem
2067 742 2138 779 alia
2157 748 2170 764 θ
2197 743 2375 780 naturalis
2403 750 2521 779 trans-

1465 792 1622 829 mutatio
1638 793 1779 840 organi,
1795 801 1909 841 prout
1921 805 2106 841 organum
2121 802 2390 832 transmutatur
2404 807 2521 844 quan-

1466 853 1546 882 tum
1567 845 1615 882 ad
1634 857 1742 882 suam
1761 846 1969 882 naturalem
1985 846 2286 895 dispositionem:
2307 855 2398 896 puta
2416 848 2519 896 quod

1467 898 1589 934 calefit
1617 905 1681 934 aut
1699 897 1942 945 infrigidatur,
1963 899 2025 935 vel
2044 899 2116 935 alio
2136 899 2247 936 simili
2266 901 2383 937 modo
2403 907 2520 937 trans-

1466 958 1643 987 mutatur.
1673 950 1722 986 Et
1741 950 1961 987 huiusmodi
1981 950 2239 988 transmutatio
2257 964 2327 1000 per
2345 952 2520 990 accidens

1465 1014 1505 1038 se
1533 1003 1648 1038 habet
1675 1002 1723 1039 ad
1752 1010 1878 1039 actum
1906 1003 2207 1051 apprehensivae
2233 1004 2377 1041 virtutis
2405 1005 2521 1042 sensi·

1465 1054 1584 1090 tivae:
1613 1061 1704 1102 puta
1734 1066 1822 1090 cum
1851 1056 1983 1092 oculus
2011 1055 2183 1103 fatigatur
2202 1068 2247 1092 ex
2265 1057 2348 1093 forti
2373 1057 2518 1104 intuitu,

1463 1107 1526 1143 vel
1561 1106 1776 1143 dissolvitur
1810 1118 1855 1143 ex
1882 1108 2124 1144 vehementia
2157 1108 2322 1146 visibilis.
2359 1110 2436 1146 Sed
2472 1109 2521 1146 ad

1465 1166 1591 1195 actum
1621 1159 1806 1207 appetitus
1830 1159 1996 1197 sensitivi
2023 1172 2093 1208 per
2120 1173 2159 1197 se
2181 1160 2374 1198 ordinatur
2392 1161 2520 1198 huius—

1465 1211 1570 1248 modi
1598 1211 1877 1248 transmutatio:
1905 1212 2008 1249 unde
2035 1212 2074 1249 in
2103 1211 2321 1250 definitione
2344 1220 2520 1250 motuum

1464 1263 1692 1312 appetitivae
1720 1264 1846 1312 partis,
1867 1265 2106 1302 materialiter
2132 1266 2286 1315 ponitur
2304 1265 2428 1314 aliqua
2454 1278 2520 1302 na-

1462 1316 1589 1353 turalis
1626 1316 1887 1354 transmutatio
1924 1318 2079 1365 organi;
2118 1318 2212 1354 sicut
2248 1318 2381 1355 dicitur
2415 1318 2520 1367 quod

1463 1370 1521 1405 ira
1549 1374 1603 1405 est
1627 1370 1796 1406 accensio
1815 1371 2011 1420 sanguinis
2029 1371 2130 1407 circa
2149 1383 2216 1407 cor
2229 1372 2259 1407 *.
2289 1371 2399 1407 Unde
2418 1378 2521 1420 patet

1462 1422 1568 1470 quod
1587 1421 1680 1458 ratio
1699 1422 1882 1470 passionis
1911 1423 2030 1470 magis
2058 1423 2248 1460 invenitur
2275 1423 2312 1460 in
2332 1430 2417 1460 actu
2437 1435 2520 1461 sen-

1461 1474 1592 1511 sitivae
1607 1474 1751 1511 virtutis
1767 1475 2006 1523 appetitivae,
2027 1488 2144 1524 quarn
2158 1476 2196 1512 in
2216 1483 2303 1512 actu
2322 1475 2520 1514 sensitivae

1461 1526 1607 1563 virtutis
1635 1527 1946 1575 apprehensivae,
1966 1527 2051 1564 licet
2069 1536 2228 1576 utraque
2256 1528 2302 1565 sit
2328 1536 2434 1565 actus
2461 1541 2520 1565 or-

1461 1579 1546 1626 gani
1575 1579 1790 1627 corporalis.

1515 1702 1538 1734 ε)
1557 1702 1621 1726 αΙία.
1638 1715 1657 1721 -
1675 1705 1701 1726 et
1719 1703 1774 1726 alia
1794 1703 1839 1726 Pa.

1021 1781 1351 1814 Commentaria
1373 1782 1625 1815 cardinalis
1646 1783 1847 1816 Caietam

379 1878 398 1897 N
423 1877 554 1908 corpore
577 1867 697 1897 articuli
722 1867 865 1903 secundi,
892 1868 1015 1898 adverte
1038 1869 1140 1908 quod,
1166 1878 1240 1898 cum
1264 1869 1409 1899 determi-

352 1880 489 1942 Inatum
513 1911 605 1941 fuerit
627 1911 659 1940 in
683 1911 787 1950 primo
811 1911 942 1941 articulo
967 1912 1055 1951 quod
1074 1919 1182 1942 motus
1203 1912 1300 1942 animi
1317 1913 1409 1943 habet

347 1955 503 1985 rationem
525 1954 679 1994 passionis
709 1965 745 1984 ex
769 1954 914 1985 adiuncta
943 1956 1204 1986 transmutatione
1233 1956 1407 1996 corporali,

347 2006 471 2038 putaret
489 1998 647 2039 quispiam
671 1999 760 2038 quod
784 2008 820 2028 ex
843 1998 954 2028 maiori
978 1999 1212 2039 propinquitate
1235 2000 1274 2030 ad
1298 2000 1407 2030 huius-

347 2043 436 2072 modi
454 2042 757 2078 transmutationem,
783 2042 941 2072 debuisset
964 2042 1084 2073 definiri
1108 2053 1147 2073 an
1171 2043 1341 2083 appetitiva
1359 2043 1408 2074 vel

347 2086 571 2126 apprehensiva
599 2096 668 2126 pars
697 2085 796 2125 sapiat
825 2086 1015 2125 passionem.
1045 2087 1085 2117 Et
1107 2086 1179 2117 licet
1202 2087 1263 2118 hoc
1285 2087 1407 2118 licitum

347 2130 465 2166 fuisset,
483 2137 513 2160 et
529 2130 638 2160 eadem
655 2129 818 2160 conclusio
839 2131 876 2159 ab
893 2132 1031 2160 Auctore
1048 2130 1120 2160 alibi
1134 2130 1154 2148 '³¹'
1177 2140 1213 2161 ex
1232 2131 1289 2161 hac
1305 2131 1406 2161 radice

347 2175 506 2210 habeatur,
532 2184 570 2203 eo
594 2174 681 2214 quod
706 2173 793 2203 nulla
815 2173 862 2203 vis
886 2174 1112 2213 apprehensiva
1127 2181 1233 2205 causat
1252 2182 1406 2205 transmu-

347 2218 500 2249 tationem
519 2218 717 2257 corporalem
741 2217 800 2246 nisi
823 2217 980 2248 mediante
1004 2218 1182 2258 appetitiva,
1207 2228 1242 2248 ac
1264 2229 1320 2258 per
1334 2219 1405 2255 hoc,

348 2261 526 2302 appetitiva,
551 2260 761 2301 propinquior
777 2261 926 2300 passioni,
951 2261 1049 2301 magis
1073 2271 1143 2291 eam
1166 2262 1339 2302 participat,
1364 2263 1407 2292 ita

348 2306 435 2346 quod
458 2305 657 2335 materialiter
680 2305 769 2334 cadat
791 2304 823 2334 in
847 2305 913 2334 eius
937 2305 1066 2341 ratione,
1089 2311 1123 2335 ut
1144 2305 1177 2335 in
1200 2305 1406 2345 responsione

348 2349 387 2379 ad
410 2349 538 2379 tertium
561 2348 593 2378 in
617 2348 717 2378 littera
740 2348 868 2385 dicitur;
894 2348 985 2379 altius
1010 2355 1114 2379 tamen
1131 2359 1268 2385 exorsus,
1285 2351 1406 2380 Auctor

348 2403 384 2423 ex
399 2393 533 2433 propriis
549 2392 722 2422 rationibus
739 2399 888 2422 motuum
900 2393 1143 2432 apprehensivae
1160 2399 1191 2423 et
1206 2393 1402 2433 appetitivae,

346 2437 505 2467 intentum
518 2442 649 2466 venatus
666 2442 727 2471 est;
751 2436 794 2466 ita
809 2437 908 2476 quod,
925 2437 1045 2466 seclusa
1060 2437 1320 2467 transmutatione
1337 2447 1404 2467 cor-

346 2480 457 2520 porali,
482 2480 600 2510 invenit
622 2479 830 2520 appetitivum
853 2487 979 2510 motum
999 2480 1112 2511 habere
1134 2481 1234 2520 magis
1250 2481 1404 2511 rationem

346 2523 511 2564 passionis.
537 2523 622 2554 Cum
646 2523 740 2559 enim,
758 2523 880 2553 secluso
897 2533 1038 2563 corpore,
1055 2524 1119 2564 pati
1143 2524 1292 2555 consistat
1309 2524 1342 2554 in
1358 2535 1404 2554 re-

346 2568 448 2607 cipere
471 2568 509 2597 ab
528 2573 637 2606 agente
662 2573 692 2597 et
713 2567 793 2597 trahi
817 2567 849 2596 in
872 2567 951 2597 illud
975 2566 1085 2609 (omne
1105 2568 1189 2598 enim
1206 2578 1310 2607 agens,
1331 2568 1404 2598 assi-

346 2611 486 2641 milando
500 2610 557 2641 sibi
571 2611 702 2650 patiens,
719 2610 812 2641 trahit
826 2610 904 2640 illud
920 2611 960 2641 ad
972 2610 1032 2653 se);
1051 2618 1081 2642 et
1092 2622 1162 2651 pars
1179 2612 1404 2651 apprehensiva

346 2655 452 2685 minus
467 2655 607 2685 trahatur
623 2655 662 2684 ad
685 2664 779 2694 agens
799 2665 896 2695 quam
912 2665 983 2694 pars
998 2655 1182 2695 appetitiva:
1207 2665 1404 2696 consequens

347 2705 393 2729 est
416 2699 504 2739 quod
526 2698 681 2738 passionis
705 2698 915 2729 communiter
938 2699 1038 2729 dictae
1063 2699 1162 2739 magis
1181 2699 1294 2730 habeat
1308 2699 1404 2730 ratio-

296 2758 299 2760 —
346 2752 420 2772 nem
436 2753 507 2782 pars
523 2742 693 2782 appetitiva
707 2752 804 2782 quarn
821 2742 1056 2782 apprehensiva.
1080 2743 1120 2774 Et
1134 2744 1286 2783 probatur
1299 2743 1405 2774 minor

345 2786 378 2816 in
394 2786 510 2816 littera:
531 2786 605 2826 quia
620 2796 691 2826 pars
716 2786 942 2826 apprehensiva
958 2786 1089 2816 trahitur
1104 2787 1142 2817 ab
1159 2794 1268 2826 agente
1288 2787 1328 2816 ad
1342 2787 1404 2818 hoc

346 2837 382 2860 ut
405 2830 443 2860 sit
466 2830 573 2870 ipsum
596 2830 771 2860 secundum
791 2839 857 2859 esse
881 2829 1104 2866 intentionale;
1129 2841 1200 2870 pars
1216 2840 1290 2860 vero
1310 2841 1404 2871 appe-

345 2873 433 2904 titiva
451 2874 584 2904 trahitur
607 2875 644 2903 ab
669 2880 778 2914 agente
795 2874 833 2903 ad
853 2873 914 2904 hoc
941 2880 977 2904 ut
991 2873 1139 2914 iungatur
1154 2873 1212 2904 sibi
1228 2875 1404 2905 secundum

347 2927 413 2947 esse
436 2917 586 2952 naturale.

402 2961 439 2991 11.
463 2961 525 2991 Sed
544 2961 655 2991 accidit
673 2961 838 2992 dubitatio.
863 2962 947 2998 Quia
962 2968 1016 2992 aut
1032 2961 1082 2992 hic
1097 2969 1143 2993 est
1157 2971 1262 2992 sermo
1279 2962 1317 2992 de
1331 2972 1404 3002 pas-

347 3004 450 3041 sione,
474 3011 510 3035 ut
533 3012 578 3035 est
601 3005 639 3034 ab
664 3011 787 3044 agente:
818 3012 872 3035 aut
901 3005 1126 3042 communiter,
1151 3012 1187 3036 ut
1209 3012 1256 3036 est
1278 3006 1342 3035 sive
1366 3007 1404 3036 ab

346 3055 456 3087 agente
479 3048 543 3078 sive
567 3058 584 3078 a
604 3048 675 3078 fine.
701 3048 733 3078 Si
752 3049 856 3088 primo
880 3050 989 3085 modo,
1014 3056 1089 3080 tunc
1112 3049 1260 3088 ambigua
1282 3049 1406 3080 videtur

347 3092 441 3122 ratio:
463 3092 616 3132 quoniam
634 3092 671 3122 de
684 3092 854 3132 appetibili,
866 3103 904 3122 an
923 3099 1049 3123 moveat
1065 3092 1201 3123 effective
1217 3093 1404 3134 appetitum,

347 3145 461 3175 magna
485 3135 627 3176 quaestio
652 3142 707 3165 est.
724 3153 744 3158 —
761 3135 792 3166 Si
812 3137 951 3166 secundo
975 3137 1093 3173 modo,
1118 3144 1194 3167 tunc
1222 3137 1301 3167 nihil
1323 3137 1408 3168 valet

347 3179 442 3209 ratio:
467 3179 542 3219 quia
570 3179 667 3218 magis
697 3179 812 3218 patitur
835 3180 890 3220 qui
919 3180 1045 3220 proprie
1073 3181 1204 3220 patitur,
1229 3191 1327 3221 quam
1350 3181 1405 3222 qui

347 3223 575 3262 metaphorice;
600 3222 670 3253 finis
695 3230 802 3253 autem
826 3224 1039 3263 metaphorice
1063 3224 1134 3264 agit.
1158 3225 1205 3255 Ex
1228 3224 1290 3255 hoc
1312 3224 1407 3265 igitur

346 3267 435 3307 quod
459 3267 616 3307 appetitus
646 3267 746 3306 magis
770 3267 901 3297 trahitur
924 3268 963 3298 ad
987 3278 1082 3298 suum
1105 3269 1284 3304 obiectum,
1309 3278 1406 3308 quarn

347 3321 418 3350 pars
442 3310 668 3350 apprehensiva
686 3311 725 3340 ad
740 3321 845 3347 suum,
870 3321 935 3341 non
960 3312 1101 3352 sequitur
1125 3313 1213 3352 quod
1237 3311 1336 3352 magis
1352 3323 1406 3353 pa-

346 3354 458 3384 tiatur:
489 3354 643 3394 quoniam
673 3354 900 3394 apprehensiva
930 3355 1047 3394 patitur
1074 3365 1161 3392 vere,
1193 3355 1273 3386 idest
1295 3366 1313 3385 a
1335 3365 1406 3386 vere

347 3405 475 3437 agente;
500 3398 668 3438 appetitiva
692 3405 799 3429 autem
822 3409 886 3428 non
912 3399 1028 3438 patitur
1050 3409 1131 3430 vere.

402 3442 452 3471 Ad
476 3441 536 3472 hoc
561 3442 673 3472 dicitur
695 3443 783 3482 quod
807 3442 943 3472 sumitur
966 3442 1071 3482 passio
1090 3452 1171 3479 vere,
1197 3449 1227 3474 et
1250 3453 1315 3473 non
1339 3453 1406 3473 me-

347 3485 526 3524 taphorice:
552 3493 581 3516 et
597 3486 685 3527 quod
701 3486 878 3526 appetibile,
896 3493 931 3517 ut
947 3486 1020 3517 dicit
1034 3489 1198 3523 Averroes,
1215 3487 1248 3516 in
1263 3487 1320 3517 XII
1336 3488 1404 3517 Me-

1462 1869 1608 1909 taphys„
1637 1876 1820 1899 commento
1844 1879 1945 1905 xxxvr,
1967 1869 2144 1899 secundum
2167 1870 2256 1910 quod
2279 1877 2326 1900 est
2346 1870 2380 1900 in
2399 1870 2517 1907 anima,

1462 1919 1509 1943 est
1523 1923 1625 1953 agens
1639 1913 1843 1952 desiderium,
1860 1919 1891 1943 et
1905 1913 1999 1944 trahit
2014 1913 2053 1943 ad
2069 1923 2102 1943 se
2117 1912 2213 1943 finem
2230 1920 2266 1944 ut
2287 1920 2335 1944 est
2349 1914 2382 1944 in
2405 1923 2448 1944 re.
2474 1914 2519 1945 Ita

1461 1957 1549 1996 quod
1569 1955 1739 1986 differentia
1762 1957 1916 1996 assignata
1938 1957 1971 1986 in
1993 1957 2093 1987 littera
2117 1957 2259 1987 consistit
2279 1957 2312 1987 in
2335 1957 2406 1994 hoc,
2430 1958 2520 1998 quod

1461 2009 1555 2039 agens
1583 2000 1615 2030 in
1644 2007 1765 2040 partem
1793 2000 2072 2040 apprehensivam,
2103 2000 2196 2031 trahit
2223 2001 2331 2041 ipsum
2358 2002 2398 2031 ad
2425 2011 2458 2032 se
2485 2001 2519 2032 in

1461 2053 1527 2073 esse
1545 2043 1759 2080 intentionale,
1784 2051 1814 2074 et
1836 2044 1887 2074 hic
1911 2044 2007 2074 sistit:
2032 2044 2072 2074 ad
2095 2044 2157 2074 hoc
2177 2044 2263 2074 enim
2285 2043 2367 2075 actio
2389 2044 2466 2075 haec
2489 2051 2520 2079 et

1459 2087 1564 2126 passio
1586 2087 1758 2118 ordinatur.
1781 2087 1962 2127 Appetibile
1986 2094 2092 2118 autem
2115 2097 2209 2127 agens
2232 2087 2265 2117 in
2281 2093 2402 2128 partem
2423 2097 2519 2129 appe-

1459 2130 1590 2167 titivam,
1614 2130 1707 2161 trahit
1729 2131 1831 2171 ipsam
1855 2130 1991 2162 effective
2016 2131 2055 2161 ad
2077 2131 2139 2161 hoc
2161 2137 2198 2162 ut
2219 2131 2368 2170 iungatur
2381 2131 2439 2163 sibi
2453 2141 2518 2163 rea—

1458 2174 1537 2210 liter,
1550 2175 1664 2214 quovis
1681 2175 1780 2205 modo
1805 2175 1966 2214 contingat
1987 2175 2045 2205 ista
2069 2174 2251 2205 coniunctio
2274 2175 2380 2206 realis:
2404 2175 2520 2208 sufficit

1459 2218 1544 2248 enirn
1567 2219 1656 2258 quod
1673 2219 1777 2258 passio
1801 2219 1854 2248 illa
1876 2228 1932 2258 per
1955 2229 1987 2249 se
2011 2219 2173 2250 ordinetur
2191 2219 2231 2250 ad
2253 2219 2370 2251 realem
2385 2219 2518 2251 coniun—

1459 2261 1608 2292 ctionem.
1628 2279 1648 2284 -
1667 2262 1765 2298 Quod
1788 2269 1895 2292 autem
1918 2272 1935 2292 a
1958 2262 2066 2292 multis
2087 2269 2224 2292 vertatur
2245 2262 2279 2293 in
2302 2263 2453 2302 dubium,
2467 2273 2517 2297 Yan

1459 2305 1627 2345 appetibile
1644 2312 1714 2345 agat
1725 2305 1757 2335 in
1773 2305 1959 2345 appetitum,
1981 2305 2023 2336 eis
2042 2305 2236 2346 relinquatur
2250 2305 2327 2336 haec
2341 2306 2513 2337 dubitatio:

2552 387 2561 396 ‘
2583 386 2631 413 Qu.

2551 415 2594 434 art.
2609 418 2628 439 3.

2651 274 2665 299 ὃ

2649 392 2735 408 ικκνιιι
2743 402 2748 413 ,

2525 1403 2527 1406 .
2548 1384 2556 1393 ·
2574 1382 2610 1404 Cf.
2619 1382 2717 1405 Aristot.
2728 1382 2758 1404 de

2547 1409 2702 1436 Anima,lib.1‚
2752 1423 2758 1429 ·

2548 1441 2563 1461 1,
2579 1441 2603 1456 n.
2614 1441 2640 1457 n.

2547 1462 2602 1483 lect.
2612 1467 2636 1483 n.

1459 2359 1518 2378 nos
1544 2348 1629 2378 enim
1657 2349 1835 2388 experimur
1861 2348 1960 2379 incuti
1990 2348 2082 2378 nobis
2106 2359 2124 2378 a
2146 2349 2236 2379 malis
2265 2348 2378 2380 futuris
2405 2353 2515 2390 appre-
2564 2345 2574 2361 ‘⁴

1458 2392 1563 2422 hensis
1578 2392 1736 2428 timorem,
1753 2403 1771 2422 a
1791 2392 2006 2432 praesentibus
2021 2390 2186 2429 tristitiam,
2204 2399 2236 2423 et
2249 2403 2266 2423 a
2283 2392 2516 2423 delectabilibus

1459 2436 1634 2466 coniunctis
1651 2436 1900 2473 delectationem,
1925 2436 2020 2466 etiam
2035 2436 2061 2466 si
2076 2435 2226 2473 nolimus,
2242 2436 2323 2467 sicut
2345 2446 2363 2467 a
2385 2437 2515 2467 sensibi-

1457 2480 1540 2510 libus
1563 2480 1766 2510 sensationes.

1511 2524 1562 2554 III.
1587 2524 1623 2553 In
1645 2523 1851 2563 responsione
1874 2523 1914 2553 ad
1936 2523 2086 2563 primum,
2104 2523 2238 2554 dubium
2262 2524 2406 2555 occurrit.
2431 2524 2516 2561 Quia

1458 2567 1483 2597 si
1506 2567 1539 2597 in
1563 2567 1610 2597 his
1634 2577 1715 2607 quae
1738 2567 1894 2606 pertinent
1917 2567 1956 2596 ad
1979 2566 2146 2603 defectum,
2169 2566 2305 2599 intensio
2328 2576 2395 2598 non
2417 2574 2515 2607 atten-

1458 2611 1541 2641 ditur
1559 2620 1655 2650 penes
1672 2620 1831 2640 accessum
1847 2610 1886 2640 ad
1902 2609 2032 2650 aliquod
2051 2609 2164 2646 maius,
2181 2616 2306 2650 oportet
2321 2610 2432 2640 falsam
2447 2611 2515 2641 red-

1458 2655 1540 2690 dere,
1565 2661 1620 2684 aut
1642 2654 1782 2693 excipere
1805 2660 1870 2684 tam
1894 2663 1911 2683 a
1934 2653 2077 2684 doctrina
2099 2653 2210 2683 tradita
2227 2653 2261 2683 in
2277 2654 2304 2684 II
2317 2655 2517 2695 Metaphys.,‘

1457 2699 1588 2738 allegata
1610 2698 1643 2728 in
1667 2704 1864 2737 argumento,
1888 2707 1986 2738 quam
2007 2697 2041 2727 in
2065 2697 2076 2727 Ι
2099 2698 2219 2728 Poster.
2235 2697 2264 2734 *,
2289 2698 2414 2734 scilicet,
2437 2699 2524 2729 Ρηοὸἓ
2541 2712 2623 2760 ὲςὶξξ

1451 2748 1528 2782 pter
1549 2742 1633 2782 quod
1655 2742 1902 2782 unumquodque
1924 2741 2104 2778 talestillud
2121 2742 2235 2782 magis.
2255 2758 2277 2765 -
2295 2741 2418 2772 Deinde
2441 2742 2517 2782 quit

1457 2786 1601 2816 videmus
1621 2786 1710 2825 quod
1733 2785 1875 2825 potentia
1898 2784 1999 2815 maior
2022 2792 2068 2815 est
2090 2794 2188 2825 penes
2210 2795 2369 2816 accessum
2385 2786 2516 2816 admn-

1457 2830 1567 2860 teriam
1581 2829 1726 2868 primam.
1752 2829 1886 2860 Constat
1901 2835 2007 2859 autern
2023 2828 2199 2868 potentiam
2218 2828 2375 2860 defectum
2390 2838 2512 2860 sonare.

1514 2873 1566 2903 1v.
1581 2873 1632 2903 Ad
1650 2873 1712 2903 hoc
1731 2872 1844 2903 dicitur
1870 2873 1959 2914 quod
1975 2872 2116 2903 doctrina
2132 2872 2182 2903 hic
2199 2872 2310 2903 tradita
2325 2882 2392 2903 non
2408 2873 2514 2903 solum

1459 2917 1549 2953 dicta,
1567 2917 1621 2947 sed
1636 2917 1768 2956 probata
1782 2916 1902 2947 ratione
1918 2922 1982 2946 est:
2006 2916 2081 2956 quia
2096 2915 2212 2947 scilicet
2237 2916 2317 2947 ratio
2331 2915 2513 2956 privationis

1459 2968 1489 2991 et
1513 2960 1651 2991 defectus
1676 2960 1817 2991 consistit
1839 2960 1872 2990 in
1894 2960 1970 2996 hoc,
1994 2960 2111 2990 scilicet
2132 2960 2165 2990 in
2189 2970 2311 2991 recessu
2331 2971 2348 2990 a
2363 2961 2523 3000 perfecto«

1459 3005 1612 3045 Regulare
1625 3004 1744 3045 quippe
1758 3011 1804 3035 est
1819 3004 1908 3045 quod
1925 3004 2179 3044 unumquodque
2193 3011 2240 3035 est
2254 3004 2354 3044 magis
2366 3011 2397 3035 et
2408 3004 2524 3038 minus:

1459 3048 1536 3084 tale,
1565 3049 1742 3079 secundum
1765 3048 1814 3078 sui
1838 3047 2032 3079 constitutivi
2054 3047 2216 3088 propriam
2239 3048 2454 3085 latitudinem,
2478 3054 2521 3079 ut.

1459 3099 1544 3132 patet
1562 3092 1729 3122 inductive.
1755 3091 1914 3122 Defectiva
1929 3091 2032 3132 igitur,
2049 3101 2123 3122 cum
2138 3091 2368 3123 constituantur
2382 3102 2438 3133 per
2452 3091 2514 3131 hog

1459 3136 1548 3176 quod
1563 3142 1608 3166 est
1632 3135 1761 3166 deficere
1778 3136 1815 3166 ab
1833 3135 1951 3176 aliquo,
1971 3141 2091 3176 quanto
2111 3135 2210 3175 magis
2227 3136 2265 3166 ab
2283 3135 2339 3166 illo
2356 3134 2519 3171 deficiunt,

1459 3186 1547 3210 tanto
1567 3179 1666 3219 magis
1683 3186 1775 3210 erunt
1790 3179 1956 3210 defectiva:
1981 3179 2057 3209 haec
2073 3179 2158 3209 enim
2175 3185 2221 3210 est
2236 3179 2363 3220 propria
2380 3178 2512 3210 latitudo

1460 3223 1630 3255 deficientis
1658 3230 1694 3254 ut
1716 3223 1770 3254 sic.
1800 3223 1847 3253 Ex
1875 3223 1936 3253 hoc
1966 3229 2072 3253 autem
2101 3223 2191 3263 quod
2221 3223 2372 3254 defectiva-
2393 3229 2430 3253 ut
2451 3221 2511 3258 sie,

1460 3277 1555 3307 penes
1579 3267 1733 3298 maiorem
1755 3266 1989 3306 elongationem
2007 3276 2025 3296 a
2040 3266 2231 3306 perfectione
2249 3266 2348 3307 magis
2363 3265 2514 3297 defectiva

1460 3318 1546 3348 sunt;
1567 3321 1762 3352 consequens
1782 3317 1828 3341 est
1846 3310 1934 3351 quod
1957 3310 2058 3340 maior
2077 3310 2216 3342 defectus
2230 3321 2297 3342 non
2313 3309 2352 3340 sit
2365 3319 2383 3340 a
2397 3308 2514 3340 minori

1461 3355 1583 3386 defectu
1615 3362 1650 3386 ut
1677 3354 1804 3395 propria
1832 3364 1940 3390 causa,
1966 3354 2019 3384 sed
2044 3364 2080 3384 ex
2103 3354 2170 3395 ipsa
2193 3352 2391 3394 elongatione
2420 3348 2513 3383 inter-

1460 3399 1554 3429 venit.
1585 3399 1672 3430 Sicut
1695 3398 1779 3429 enim
1801 3397 1834 3428 in
1851 3398 2095 3438 perfectionibus
2118 3398 2252 3429 intensio
2276 3403 2323 3428 est
2343 3406 2439 3437 penes
2463 3406 2513 3426 ac-

1461 3453 1584 3473 cessum
1608 3443 1647 3473 ad
1670 3452 1805 3478 causam,
1826 3441 1901 3483 quia
1915 3441 2064 3482 perfectio
2082 3441 2208 3473 effectus
2223 3447 2320 3472 estex
2338 3449 2446 3476 causa3
2470 3440 2513 3470 ita

1461 3487 1486 3516 si
1505 3487 1538 3517 in
1553 3486 1644 3517 malis
1668 3486 1807 3517 defectus
1827 3496 2024 3526 consequens
2039 3493 2119 3517 esset
2137 3496 2174 3516 ex
2188 3484 2390 3526 praecedente
2408 3483 2441 3514 in
2456 3494 2513 3514 sua

2654 1434 2704 1457 -S.
2751 1450 2757 1456 .

2634 2719 2751 2762 &51⁵⁰
