2852 4152
411 204 484 228 110
1121 199 1385 246 QUAESTIO
1415 201 1501 247 XV,
1531 201 1825 246 ARTICULUS
1856 201 1869 237 I

961 371 1370 447 QUAESTIO
1408 370 1914 447 DECIMAQUIN
1917 372 2031 428 TA

488 506 570 546 DE
605 505 942 553 CONSENSU,
979 505 1083 557 QUI
1116 503 1229 545 EST
1263 504 1464 545 ACTUS
1498 505 1890 548 VOLUNTATIS
1923 509 1984 549 IN
2018 509 2498 554 COMPARATIONE

1024 574 1109 614 AD
1144 574 1226 614 EA
1260 574 1429 626 QUAE
1463 575 1623 616 SUNT
1657 576 1743 616 AD
1778 577 1966 619 FINEM

1191 697 1224 721 ΙΝ
1255 697 1427 727 QUATUOR
1454 698 1654 723 ARTICULOS
1682 699 1797 724 DIVlSA

171 816 229 838 τε.
240 822 338 844 mm,
349 816 383 838 In·
409 817 598 898 Damni:
628 805 947 843 considerandum
976 813 1031 842 est
1059 806 1106 843 de
1136 818 1324 843 consensu
1351 807 1382 843 ³⁸.

1571 809 1718 846 Tertio:
1744 816 1870 846 utrum
1898 810 1944 847 sit
1968 811 2015 848 de
2038 812 2128 860 fine,
2147 815 2208 851 vel
2229 815 2276 852 de
2295 816 2353 854 his
2375 829 2472 866 quae
2492 825 2579 855 sunt

544 859 593 894 Et
620 858 717 894 circa
743 859 818 894 hoc
847 866 1080 905 quaeruntur
1107 867 1280 908 quatuor.
2028 875 2036 878 ·

462 911 608 948 Primo:
637 918 764 947 utrum
785 922 992 948 consensus
1020 911 1065 948 sit
1090 919 1195 949 actus
1224 913 1462 961 appetitivae,

511 964 573 1000 vel
601 963 902 1011 apprehensivae
929 963 1087 1002 virtutis.

460 1015 659 1052 Secundo:
688 1023 815 1052 utrum
845 1016 1047 1053 conveniat
1081 1017 1198 1054 brutis
1227 1017 1464 1054 animalibus.

1625 880 1673 916 ad
1702 870 1832 916 finem.

1572 949 1735 995 Quarto:
1764 957 1891 986 utrum
1929 963 2136 989 consensus
2164 952 2202 990 in
2240 962 2369 1005 actum
2393 957 2579 1006 pertineat

1626 1019 1751 1055 solum
1780 1019 1829 1056 ad
1857 1020 2094 1068 superiorem
2123 1022 2274 1060 animae
2301 1033 2460 1073 partem.

1215 1134 1532 1176 ARTICULUS
1561 1134 1767 1177 PRIMUS

637 1235 792 1266 uTRUM
817 1234 1062 1266 CONSENsus
1086 1235 1152 1265 SIT
1175 1234 1318 1266 ACTus
1341 1235 1642 1273 APPETITIVAE,
1667 1237 1751 1268 VEL
1774 1238 2126 1282 APPREHENSNAE
2150 1242 2353 1275 vau‘rls

1270 1323 1344 1354 [nfra.
1364 1332 1408 1357 qu.
1427 1332 1507 1356 Lxxiv,
1525 1330 1573 1351 art.
1592 1333 1617 1358 7,
1637 1327 1668 1351 ad
1691 1335 1713 1352 1.

432 1440 494 1484 {035¹
516 1443 589 1492 μς(
613 1440 635 1465 D
663 1440 800 1465 ptumum
828 1440 882 1466 sic
909 1440 1149 1467 Pkoczm'rutz.
1174 1429 1333 1467 Videtur
1357 1431 1462 1479 quod

427 1468 530 1535 ²51⁵*ss
614 1482 824 1519 consentire
839 1482 1024 1530 pertineat
1044 1483 1170 1520 solum
1189 1484 1238 1520 ad
1257 1491 1404 1532 partem
1424 1496 1462 1520 a·

418 1530 467 1591 'A'
478 1547 535 1587 ’ζ’
560 1536 583 1576 (1
596 1529 602 1534 ⁴
613 1534 740 1571 nimae
755 1535 1086 1583 apprehensivam.
1097 1536 1329 1584 Augustinus
1346 1537 1460 1584 enim,

458 1559 556 1619 ᾧῷ)
571 1576 683 1624 XII
711 1588 757 1624 de
781 1589 817 1625 T
813 1589 883 1626 rin.
903 1588 934 1636 ²¹⁶,
952 1601 1180 1626 consensum
1210 1589 1373 1626 attribuit
1400 1602 1461 1627 su—

401 1638 539 1688 periori
567 1640 713 1678 rationi.
736 1642 811 1678 Sed
836 1642 930 1678 ratio
952 1642 1124 1679 nominat
1143 1643 1460 1692 apprehensivam

400 1693 592 1730 virtutem.
613 1695 715 1741 Ergo
736 1695 946 1732 consentire
965 1695 1126 1744 pertinet
1152 1696 1201 1733 ad
1220 1696 1461 1744 apprehensi-

400 1758 491 1783 vam
518 1754 710 1784 Vlrtutem.

455 1811 489 1836 2.
519 1800 751 1846 PRAETEREA,
773 1800 983 1837 consentire
1004 1808 1058 1837 est
1080 1801 1193 1838 simul
1214 1802 1360 1838 sentire.
1383 1802 1460 1839 Sed

400 1852 537 1889 sentire
562 1860 618 1889 est
641 1853 940 1901 apprehensivae
959 1854 1162 1902 potentiae.
1183 1855 1284 1901 Ergo
1312 1862 1348 1891 et
1371 1853 1460 1892 con-

399 1905 548 1942 sentire.

257 1969 272 1985 α
455 1959 488 1994 3.
517 1959 748 2006 PRAETEREA,
778 1958 873 1994 sicut
901 1958 1079 1995 assentire
1100 1964 1117 1980 ‘²
1138 1959 1224 1996 dicit
1243 1960 1460 2008 applicatio-

398 2022 487 2047 nem
515 2010 723 2047 intellectus
752 2011 800 2048 ad
824 2011 976 2060 aliquid,
1006 2011 1056 2048 ita
1077 2019 1112 2048 et
1132 2012 1355 2048 consentire.
1382 2013 1459 2049 Sed

399 2064 577 2100 assentire
592 2063 751 2112 pertinet
765 2065 814 2101 ad
828 2064 1070 2112 intellectum,
1089 2065 1152 2114 qui
1173 2073 1228 2102 est
1246 2065 1305 2102 vis
1325 2078 1460 2114 appre—

397 2116 566 2154 hensiva.
584 2118 685 2165 Ergo
702 2124 738 2154 et
757 2117 970 2154 consentire
986 2117 1034 2154 ad
1048 2117 1127 2155 vim
1142 2118 1459 2167 apprehensivam

395 2170 567 2218 pertinet.

451 2224 525 2260 SED
555 2235 700 2260 CONTRA
727 2235 792 2260 EST
825 2224 930 2272 quod
962 2224 1223 2261 Damascenus
1244 2224 1340 2271 dicit,
1362 2225 1399 2261 in
1425 2226 1456 2261 Il

397 2276 492 2313 libro
511 2276 543 2323 ³¹³,
564 2276 670 2324 quod
696 2276 730 2312 si
746 2276 880 2325 aliquis
902 2277 1051 2323 iudicet,
1072 2282 1107 2313 et
1125 2288 1199 2314 non
1219 2277 1362 2327 diligat,
1383 2289 1456 2314 non

397 2335 450 2366 est
474 2330 664 2375 sententia,
685 2329 781 2366 idest
807 2342 1027 2367 consensus.
1049 2329 1126 2367 Sed
1151 2329 1301 2379 diligere
1325 2330 1374 2367 ad
1394 2343 1458 2379 ap-

397 2382 592 2431 petitivam
624 2382 803 2419 virtutem
837 2383 1009 2431 pertinet.
1040 2383 1142 2430 Ergo
1171 2391 1208 2419 et
1237 2396 1456 2421 consensus.

450 2437 674 2472 RESPONDEO
699 2447 882 2473 mCENDUM
911 2437 1015 2485 quod
1045 2436 1255 2473 consentire
1279 2436 1458 2485 importat

397 2488 689 2538 applicationem
715 2501 847 2525 sensus
875 2489 925 2525 ad
946 2489 1099 2538 aliquid.
1125 2490 1194 2526 Est
1219 2497 1346 2526 autem
1370 2501 1457 2538 pro-

395 2541 521 2590 prium
541 2554 674 2578 sensus
702 2541 807 2590 quod
826 2541 1105 2590 cognoscitivus
1131 2549 1186 2579 est
1205 2554 1331 2579 rerum
1349 2554 1457 2591 prae—

396 2594 580 2631 sentium:
609 2594 668 2631 vis
694 2594 796 2631 enim
821 2594 1066 2643 imaginativa
1094 2602 1150 2631 est
1180 2595 1457 2644 apprehensiva

396 2647 682 2684 similitudinum
712 2647 979 2696 corporalium,
1009 2648 1123 2685 etiarn
1152 2648 1266 2685 rebus
1295 2648 1456 2685 absenti-

396 2701 467 2737 bus
487 2713 649 2748 quarum
678 2708 764 2737 sunt
787 2701 1064 2747 similitudines;
1090 2701 1298 2738 intellectus
1327 2708 1456 2738 autem

396 2753 695 2802 apprehensivus
711 2762 767 2791 est
776 2754 1050 2791 universalium
1067 2754 1268 2801 rationum,
1278 2766 1373 2803 quas
1388 2766 1456 2803 po-

395 2814 466 2843 test
490 2806 775 2855 apprehendere
801 2806 1058 2844 indifferenter
1078 2814 1114 2843 et
1137 2807 1401 2855 praesentibus
1421 2814 1457 2843 et

395 2860 612 2897 absentibus
635 2859 897 2908 singularibus.
921 2861 970 2897 Et
986 2860 1074 2908 quia
1096 2868 1200 2896 actus
1228 2859 1455 2909 appetitivae

394 2913 540 2950 virtutis
569 2920 624 2950 est
642 2913 831 2961 quaedam
855 2913 1046 2950 inclinatio
1067 2913 1114 2950 ad
1140 2925 1221 2950 rem
1241 2913 1377 2962 ipsam,
1399 2925 1456 2949 se-

160 2285 169 2294 '¹
178 2285 215 2306 De
223 2284 282 2306 Fide
294 2285 369 2312 Orth„

158 2311 201 2333 lib.
211 2311 239 2338 11,
251 2318 302 2340 cap.
312 2318 368 2334 xxn.

449 3071 475 3103 α)
495 3071 633 3095 assentire.
653 3085 671 3088 —
689 3071 788 3095 sentire
807 3069 843 3102 H',
863 3071 1010 3096 consentire
1030 3071 1115 3096 ceteri.
1135 3072 1185 3096 Pro
1207 3074 1233 3096 et
1251 3071 1411 3103 consentire,
1431 3075 1457 3096 et

393 3106 524 3131 assentire
542 3107 650 3130 codices.

450 3140 474 3173 β)
494 3141 705 3166 similitudinem.
722 3155 740 3159 -
758 3141 971 3170 similitudinem,
991 3142 1052 3166 hinc
1071 3145 1109 3166 est
1128 3142 1199 3174 quod
1217 3142 1287 3167 PKa.

1516 1431 1684 1469 cundum
1703 1433 1898 1482 quandam
1922 1435 2206 1475 similitudinem
2234 1437 2249 1468 β
2275 1438 2358 1487 ipsa
2376 1439 2577 1488 applicatio
2704 1446 2721 1480 β

1517 1485 1744 1533 appetitivae
1769 1487 1914 1525 virtutis
1939 1489 1988 1526 ad
2013 1501 2106 1537 rem,
2135 1491 2347 1528 secundum
2376 1493 2482 1540 quod
2500 1498 2516 1521 Υ
2544 1494 2578 1530 ei
2702 1498 2721 1524 Υ

1516 1536 1703 1585 inhaeret,
1733 1540 1868 1588 accipit
1895 1553 2040 1579 nomen
2067 1555 2219 1590 sensuS,
2248 1544 2356 1591 quasi
2383 1545 2578 1593 experien-

1515 1589 1606 1627 tiam
1639 1592 1834 1639 quandam
1873 1606 2027 1631 sumens
2062 1595 2110 1632 de
2144 1608 2184 1632 re
2214 1596 2273 1633 cui
2301 1596 2493 1645 inhaeret,
2521 1598 2576 1635 in-

1515 1651 1700 1691 quantum
1729 1646 1942 1694 complacet
1963 1647 2034 1684 sibi
2061 1647 2101 1685 in
2129 1661 2184 1685 ea.
2215 1649 2327 1686 Unde
2356 1657 2392 1686 et
2419 1651 2507 1699 Sap.
2528 1662 2539 1687 1
2557 1650 2578 1672 *
2604 1661 2728 1685 'Vm-1.

1516 1695 1664 1733 dicitur:
1685 1698 1821 1734 Sentite
1843 1699 1889 1735 de
1914 1700 2081 1737 Domino
2105 1701 2142 1737 in
2172 1702 2344 1752 bonitate.
2366 1703 2415 1739 Et
2443 1714 2577 1741 secun·

1516 1748 1609 1785 dum
1642 1750 1735 1796 hoc,
1773 1753 1983 1789 consentire
2015 1761 2071 1790 est
2104 1762 2209 1791 actus
2242 1755 2469 1804 appetitivae
2500 1756 2576 1794 vir-

1514 1802 1600 1838 tutis
1621 1802 1652 1838 ²¹⁸.

1567 1856 1626 1891 AD
1650 1867 1787 1893 PRtMUM
1806 1869 1904 1894 ERGO
1924 1870 2108 1896 mCENDuM
2127 1859 2244 1907 quod,
2272 1859 2367 1897 sicut
2385 1861 2519 1898 dicitur
2536 1862 2575 1899 in

1515 1908 1564 1943 III
1594 1908 1639 1944 de
1670 1909 1811 1946 Anima
1830 1910 1866 1956 ³⁸,
1895 1911 2066 1948 voluntas
2100 1912 2137 1949 in
2171 1913 2316 1950 ratione
2342 1919 2397 1950 est
2417 1912 2442 1951 δ.
2463 1914 2574 1952 Unde
2602 1921 2612 1931 '
2675 1936 2682 1943 ·

1515 1972 1603 1997 curn
1620 1962 1853 2008 Augustinus
1873 1963 2037 2001 attribuit
2061 1976 2291 2002 consensum
2311 1966 2457 2014 rationi,
2478 1967 2573 2004 acci·
2620 1963 2627 1969 '

1513 2013 1567 2060 pit
1594 2013 1795 2051 rationem*
1809 2016 2022 2053 secundum
2055 2017 2162 2064 quod
2189 2017 2227 2054 in
2260 2030 2306 2055 ea
2334 2018 2535 2056 includitur
2561 2025 2574 2042 ⁸

1513 2066 1701 2103 voluntas.

1566 2120 1625 2156 An
1658 2131 1847 2158 SECUNDUM
1881 2133 2081 2169 DICENDUM,
2115 2123 2219 2170 quod
2252 2123 2388 2160 sentire
2421 2122 2574 2173 proprie

1514 2171 1655 2209 dictum
1675 2173 1724 2210 ad
1747 2174 2065 2222 apprehensivam
2080 2175 2290 2223 potentiam
2309 2176 2486 2225 pertinet:
2507 2178 2574 2215 sed

1513 2225 1724 2262 secundum
1757 2226 2042 2264 similitudinem
2076 2227 2275 2265 cuiusdam
2304 2229 2572 2278 experientiae,

1511 2277 1673 2325 pertinet
1700 2278 1749 2315 ad
1778 2279 2036 2328 appetitivam,
2065 2287 2107 2316 ut
2134 2280 2276 2317 dictum
2306 2289 2361 2318 est
2380 2281 2411 2318 ²¹².

1565 2331 1624 2367 AD
1652 2342 1811 2368 TERTIUM
1839 2343 2022 2370 memnon
2051 2333 2155 2380 quod
2176 2333 2355 2371 assentire
2385 2342 2441 2371 est
2465 2335 2572 2383 quasi

1511 2383 1563 2419 ad
1578 2383 1684 2420 aliud
1698 2384 1852 2421 sentire.-
1872 2391 1910 2421 et
1927 2385 1981 2422 sic
2012 2385 2193 2434 importat
2211 2386 2406 2434 quandam
2433 2387 2572 2425 distan-
2598 2415 2602 2418 ⁴

1510 2436 1602 2472 tiam
1621 2437 1669 2473 ad
1684 2436 1723 2474 id
1742 2437 1802 2474 cui
1819 2437 2029 2475 assentitur.
2047 2438 2124 2475 Sed
2149 2438 2361 2476 consentire
2388 2448 2444 2477 est
2459 2440 2574 2477 simul

1509 2495 1663 2526 sentzre:
1692 2497 1729 2526 et
1752 2490 1804 2527 sic
1832 2490 2012 2539 importat
2037 2491 2231 2540 quandam
2261 2492 2570 2530 coniunctionem

1510 2543 1559 2579 ad
1586 2541 1625 2580 id
1645 2543 1706 2579 cui
1736 2543 1978 2580 consentitur.
1999 2544 2049 2581 Et
2073 2543 2160 2581 ideo
2179 2545 2367 2592 voluntas,
2389 2545 2496 2583 cuius
2516 2553 2572 2583 est

1509 2595 1664 2632 tendere
1684 2595 1733 2632 ad
1760 2595 1883 2645 ipsam
1903 2608 1998 2644 rem,
2017 2596 2137 2645 magis
2156 2597 2308 2646 proprie
2327 2597 2462 2635 dicitur
2481 2611 2571 2635 con-

1509 2648 1662 2686 sentire:
1691 2648 1899 2686 intellectus
1923 2656 2063 2697 autem,
2093 2649 2199 2686 cuius
2227 2650 2398 2699 operatio
2417 2663 2496 2688 non
2517 2658 2572 2688 est

1509 2702 1722 2739 secundum
1742 2709 1891 2738 motum
1911 2701 1960 2739 ad
1979 2714 2071 2749 rem,
2097 2703 2165 2740 sed
2183 2703 2309 2751 potius
2329 2715 2350 2739 e
2370 2715 2568 2751 converso,

1509 2761 1551 2791 ut
1577 2754 1615 2790 in
1643 2754 1772 2791 Primo
1791 2754 1811 2776 ²¹⁸
1839 2754 1982 2792 dictum
2011 2763 2077 2803 est,
2106 2756 2228 2804 magis
2254 2755 2409 2804 proprie
2439 2756 2572 2794 dicitur
2596 2764 2812 2813 ’Q“·¹'¹›,⁸„‘,‘·¹?

1509 2807 1712 2844 assentire:
1739 2807 1915 2855 quamvis
1939 2820 2061 2844 unum
2089 2821 2160 2857 pro
2185 2808 2258 2845 alio
2277 2809 2371 2858 poni
2394 2809 2522 2846 soleat.
2544 2830 2569 2838 -
2597 2796 2753 2845 33:3⁸2...
2765 2798 2810 2839 '²-⁴'

1509 2860 1640 2897 Potest
1659 2860 1771 2897 etiam
1788 2860 1860 2897 dici
1879 2860 1984 2910 quod
1998 2860 2207 2898 intellectus
2227 2861 2392 2909 assentit,
2409 2861 2569 2910 inquan-

2600 2288 2610 2298 '¹
2619 2287 2645 2310 In
2660 2293 2770 2316 corpore.

1500 2919 1591 2949 'turn
1619 2926 1641 2950 a
1669 2913 1863 2950 voluntate
1892 2921 2081 2951 movetur.

1562 3072 1588 3104 γ)
1607 3072 1687 3104 quod.
1704 3086 1723 3090 -
1741 3080 1820 3105 quam
1841 3072 1887 3097 Pa.

1562 3106 1587 3138 δ)
1606 3111 1654 3132 est.
1671 3121 1690 3126 -
1707 3107 1829 3132 consistit
1847 3108 1893 3132 Ρα.

1562 3143 1583 3174 ε)
1604 3142 1758 3168 includitur.
1777 3156 1795 3161 -
1812 3142 1980 3167 concluditur
1998 3143 2043 3167 Pa.
