2852 4152
112 607 123 617 '⁸
138 606 185 633 Qu.
202 612 224 631 ι,
240 606 321 632 art.8;

113 639 151 660 qu.
168 638 202 658 111,
218 636 259 654 art.
275 638 291 653 1.

210 753 224 786 β

218 3149 231 3182 β

121 3258 129 3266 ·
146 3256 211 3278 Vers.
227 3262 243 3277 1.

122 3315 129 3323 ·
142 3313 222 3334 Ordin.
234 3319 261 3334 ex
268 3313 329 3340 Aug.

353 207 423 242 150
1037 205 1302 251 QUAESTIO
1333 205 1440 253 XIX,
1469 203 1763 240 ARTICULUS
1794 204 1828 243 X

347 283 438 319 tudo
469 289 595 319 autem
619 283 823 320 voluntatis
852 291 907 320 est
926 283 1073 320 bonitas
1103 283 1193 320 eius.
1215 284 1316 329 Ergo
1337 283 1405 318 bo·
1461 294 1558 329 quae
1597 289 1684 319 sunt
1718 281 1813 317 illius
1851 282 2009 328 generis.
2042 282 2353 330 Unumquodque
2387 288 2514 318 autern

348 335 442 372 nitas
469 335 672 372 voluntatis
702 336 891 384 dependet
910 348 954 372 ex
984 336 1241 372 conformitate
1271 336 1319 371 ad
1337 346 1405 370 vo·
1460 341 1604 370 rectum
1633 341 1668 370 et
1688 335 1832 369 bonum
1860 341 1926 380 est,
1946 334 2170 383 inquantum
2191 335 2333 382 attingit
2361 334 2409 371 ad
2427 345 2515 382 pro-

348 389 528 425 luntatem
558 388 739 425 divinam.
1459 386 1581 433 priam
1616 392 1848 422 mensuram.
1879 387 1980 433 Ergo
2014 387 2063 424 ad
2096 388 2171 424 hoc
2208 388 2314 434 quod
2341 387 2515 423 voluntas

402 442 627 477 REsPONDEo
655 453 838 477 mOENDUM
867 441 980 489 quod,
1007 440 1101 476 sicut
1129 439 1269 475 dictum
1300 445 1355 474 est
1373 437 1406 484 ²¹⁶,
1459 437 1623 474 hominis
1660 437 1705 473 sit
1742 438 1860 485 bona,
1887 439 2084 487 requiritur
2117 439 2223 487 quod
2261 440 2517 476 conformetur

349 493 498 531 bonitas
531 493 734 530 voluntatis
772 493 960 541 dependet
992 504 1037 528 ex
1074 490 1279 527 intentione
1307 489 1405 526 finis.
1458 489 1644 526 voluntati
1670 489 1829 527 divinae.

350 545 452 582 Finis
472 553 600 582 autem
619 546 772 582 ultimus
797 545 1000 582 voluntatis
1021 545 1212 579 humanae
1233 549 1287 578 est
1306 554 1407 578 sum·
1513 543 1571 577 AD
1600 553 1736 577 PRIMUM
1763 553 1861 579 ERGO
1888 554 2072 581 DicENDUM
2103 545 2208 592 quod
2235 545 2412 581 voluntas
2448 543 2516 579 ho-

350 610 457 634 mum
488 599 645 644 bonum,
667 598 768 646 quod
790 606 843 633 est
871 599 987 642 Deus,
1007 603 1048 631 ut
1076 607 1188 643 supra
1215 594 1235 616 '¹‘
1264 594 1406 631 dictum
1461 593 1571 630 minis
1590 606 1669 630 non
1687 601 1812 641 potest
1831 596 2057 633 conformari
2076 597 2261 634 voluntati
2281 595 2431 633 divinae
2450 607 2519 643 per

351 658 416 687 est.
439 650 654 698 Requiritur
682 662 769 697 ergo
799 650 846 685 ad
876 649 1082 685 bonitatem
1118 648 1311 683 humanae
1339 659 1406 683 vo—
1461 646 1795 694 aequiparandam,
1817 648 1884 684 sed
1902 660 1971 696 per
1993 649 2253 686 imitationem.
2275 650 2324 685 Et
2351 647 2519 685 similiter

350 703 511 749 luntatis,
529 703 631 751 quod
649 703 841 739 ordinetur
855 702 904 738 ad
920 712 1112 737 summurn
1128 700 1286 747 bonum,
1304 699 1408 748 quod
1463 699 1721 735 conformatur
1735 699 1888 736 scientia
1902 701 2068 738 hominis
2088 702 2262 738 scientiae
2285 701 2447 747 divinae,
2463 700 2519 736 in-

351 763 407 792 est
434 756 538 791 Deus
568 753 592 790 β.
1462 759 1646 799 quantum
1663 751 1855 798 cognoscit
1867 764 2015 790 verum.
2028 755 2076 790 Et
2090 755 2186 791 actio
2201 754 2367 791 hominis
2382 752 2519 790 actioni

404 808 489 843 Hoc
517 814 643 843 autem
682 807 826 842 bonum
855 805 979 854 primo
1009 805 1164 853 quidem
1203 812 1238 841 et
1266 817 1334 853 per
1367 817 1406 841 se
1463 804 1624 850 divinae,
1645 804 1870 852 inquantum
1891 811 1945 841 est
1965 806 2087 852 agenti
2113 807 2356 843 conveniens.
2378 807 2427 842 Et
2445 806 2520 841 hoc

352 867 589 908 comparatur
616 860 664 895 ad
691 859 926 895 voluntatem
955 858 1122 894 divinam
1150 865 1191 894 ut
1214 858 1406 894 obiectum
1461 870 1529 906 per
1552 857 1814 904 imitationem,
1844 869 1922 893 non
1941 865 2069 894 autem
2089 863 2157 906 per
2184 858 2518 907 aequiparantiam.

349 912 545 961 proprium
576 911 664 947 eius.
688 911 781 947 Illud
809 918 937 947 autem
958 911 1062 959 quod
1091 918 1147 947 est
1173 910 1339 959 primum
1368 910 1407 946 in
1514 910 1624 947 Unde
1649 917 1750 958 patet
1769 909 1905 946 solutio
1927 910 1975 946 ad
1995 911 2217 958 seeundum,
2239 919 2275 948 et
2303 912 2352 948 ad
2370 911 2520 947 tertium

351 964 519 1013 quolibet
549 975 707 1011 genere,
738 971 793 1000 est
821 975 999 1000 mensura
1031 970 1066 1000 et
1103 963 1196 1000 ratio
1232 962 1405 999 omnium
1460 969 1724 1010 argumentum
1753 967 1780 999 Υ.

404 1097 429 1131 β)
449 1098 519 1130 quod
538 1101 577 1123 est
596 1099 677 1123 Deus.
695 1112 714 1116 -
732 1098 792 1123 Om.
812 1099 858 1123 Pa.
1438 1091 1441 1130 Ι
1520 1096 1546 1130 γ)
1566 1097 1603 1121 ad
1620 1097 1728 1121 tertium
1747 1100 1944 1129 argumentum.
1961 1111 1980 1115 -
1997 1097 2033 1121 ad
2051 1097 2159 1121 tertium
2178 1096 2208 1127 E,
2227 1097 2335 1121 tertium
2355 1097 2439 1121 ceteri.

1027 1177 1355 1209 Commentaria
1378 1174 1626 1207 Cardjnalis
1649 1174 1848 1208 Caietani

381 1268 402 1288 N
425 1258 556 1288 articulo
581 1267 679 1293 nono,
701 1257 780 1287 circa
796 1257 849 1286 illa
871 1257 981 1286 verba:
1006 1255 1057 1285 Ad
1071 1255 1241 1285 bonitatem
1266 1255 1412 1285 volunta·
1439 1254 1443 1308 Ι
1467 1255 1573 1284 Deum
1589 1255 1857 1294 cognoscendum,
1874 1256 2056 1292 amandum,
2074 1262 2132 1286 etc.
2148 1256 2189 1286 Et
2206 1255 2269 1286 hoc
2288 1256 2384 1287 etiam
2401 1256 2524 1287 contin-

383 1303 423 1333 tis
444 1302 605 1332 humanae
628 1302 803 1340 requiritur
827 1300 911 1340 quod
935 1299 1102 1329 ordinetur
1126 1300 1157 1329 in
1180 1308 1340 1329 summum
1361 1299 1413 1329 bo·
1466 1299 1511 1338 git
1535 1298 1714 1338 dupliciter:
1732 1305 1810 1339 puta
1831 1306 1961 1339 propter
1983 1299 2208 1340 cognitionem,
2226 1310 2442 1341 amoremque,
2463 1307 2520 1337 etc,

353 1356 444 1383 num,
470 1351 632 1375 memento
656 1345 746 1384 quod
777 1344 914 1374 ordinari
937 1343 970 1373 in
994 1353 1159 1373 summum
1186 1343 1310 1373 bonum
1339 1352 1413 1372 con·
1466 1343 1506 1372 ad
1529 1353 1610 1383 quae
1633 1349 1744 1373 natura
1766 1349 1883 1383 potest;
1909 1350 1939 1374 et
1961 1344 2001 1373 ad
2024 1354 2105 1384 quae
2128 1343 2225 1384 gratia
2243 1344 2302 1374 Dei
2325 1344 2434 1375 elevat.

352 1390 443 1430 tingit
461 1389 630 1429 tripliciter.
647 1389 720 1419 Uno
738 1388 848 1424 modo,
865 1387 898 1417 in
914 1387 1088 1418 communi.
1105 1387 1146 1417 Et
1164 1386 1225 1417 hoc
1242 1396 1413 1417 commune
1521 1387 1556 1416 In
1579 1387 1745 1427 proposito
1769 1387 1878 1427 igitur,
1901 1388 1941 1417 ad
1963 1387 2138 1418 bonitatem
2165 1388 2337 1418 voluntatis
2364 1388 2524 1419 humanae

353 1441 399 1464 est
421 1433 513 1464 bonis
545 1440 575 1463 et
601 1432 706 1462 malis:
732 1432 863 1472 quilibet
891 1431 977 1462 enim
1006 1438 1136 1472 propter
1158 1430 1278 1471 aliquid
1303 1441 1412 1471 opera-
1465 1431 1634 1471 requiritur
1657 1431 1746 1471 quod
1769 1431 1931 1462 ordinetur
1947 1432 1987 1461 ad
2010 1441 2175 1462 summum
2193 1432 2317 1462 bonum
2337 1442 2404 1463 non
2427 1443 2523 1473 appa-

352 1485 403 1508 tur
418 1487 571 1517 apparens
588 1476 647 1506 sibi
660 1486 822 1507 summum
838 1475 1091 1506 bonum.-Alio
1103 1475 1214 1512 modo,
1227 1475 1260 1505 in
1275 1475 1411 1515 speciali,
1465 1482 1576 1511 renter,
1596 1475 1654 1505 sed
1674 1475 1762 1515 quod
1784 1475 1817 1505 in
1840 1475 1968 1505 veritate
1991 1482 2037 1506 est
2060 1485 2234 1512 summum,
2259 1476 2391 1507 confuse
2409 1477 2459 1507 vel
2478 1476 2524 1506 di-

353 1521 484 1552 confuse
515 1528 634 1552 tamen:
665 1520 745 1550 sicut
774 1520 800 1550 si
823 1520 913 1560 quis,
938 1519 1078 1549 nesciens
1105 1519 1138 1549 in
1168 1529 1233 1559 quo
1265 1519 1413 1550 consistat
1466 1519 1590 1555 stincte,
1615 1519 1797 1549 naturaliter
1814 1519 1865 1549 vel
1887 1519 2177 1559 supernaturaliter,
2202 1520 2379 1550 secundum
2406 1527 2526 1551 statum

353 1575 517 1595 summum
541 1566 674 1600 bonum,
690 1571 767 1604 puta
790 1564 822 1593 in
845 1563 967 1594 visione
990 1563 1059 1599 Dei,
1079 1564 1129 1593 vel
1145 1563 1185 1598 *in
1208 1564 1288 1599 Deo,
1306 1573 1413 1602 opere-
1465 1572 1628 1603 personae.
1646 1563 1744 1599 Quod
1765 1563 1834 1593 dico
1850 1570 1979 1603 propter
1997 1563 2127 1602 gentiles
2142 1570 2173 1593 et
2184 1563 2374 1603 ignorantes.
2391 1563 2424 1594 Si
2439 1564 2525 1594 enirn

352 1617 404 1640 tur
426 1615 555 1649 propter
579 1618 743 1639 summum
773 1608 912 1644 bonum,
939 1608 1028 1648 quod
1049 1607 1083 1637 in
1105 1607 1234 1637 veritate
1258 1613 1304 1637 est
1326 1617 1411 1637 sum·
1466 1607 1642 1638 secundum
1670 1606 1911 1646 proportionem
1942 1607 2082 1637 concessi
2104 1607 2163 1637 sibi
2188 1607 2336 1644 luminis,
2357 1607 2391 1637 in
2413 1617 2526 1638 verum

353 1663 445 1684 mum
457 1654 590 1683 bonum.
603 1653 644 1682 Et
658 1652 719 1682 hoc
734 1658 838 1692 potest
853 1651 1019 1682 convenire
1035 1651 1284 1682 bonis.—Tertio
1301 1652 1411 1688 modo,
1467 1661 1632 1681 summum
1655 1651 1778 1681 bonum
1801 1650 1948 1681 ordinent
1970 1651 2110 1681 actiones
2135 1661 2221 1688 suas,
2241 1651 2344 1682 bonae
2367 1651 2528 1682 moraliter

353 1697 385 1727 in
410 1697 546 1737 speciali,
564 1703 594 1727 et
610 1696 768 1727 distincte:
794 1703 829 1726 ut
848 1695 873 1726 si
897 1695 967 1736 quis
987 1695 1109 1735 operari
1128 1695 1261 1726 intendit
1283 1702 1412 1736 propter
1469 1701 1573 1725 erunt:
1599 1701 1629 1725 et
1652 1695 1678 1724 si
1701 1705 1781 1731 non,
1806 1704 1882 1724 non.

1146 1848 1358 1889 ARTICU
1365 1848 1462 1889 LUS
1491 1848 1740 1890 DECIMUS

473 1939 628 1970 UTRUM
651 1927 950 1969 NECESSARIUM
975 1938 1040 1968 SIT
1064 1938 1368 1969 VOLUNTATEM
1391 1939 1614 1969 HUMANAM
1638 1939 1923 1970 CONFORMARI
1946 1940 2203 1971 VOLUNTATI
2227 1939 2403 1972 DIVINAE

1026 1982 1069 2011 IN
1093 1982 1273 2018 VOLITO,
1297 1982 1355 2012 AD
1380 1982 1472 2013 HOC
1497 1982 1619 2020 QUOD
1644 1978 1710 2013 SIT
1733 1983 1851 2013 BONA

972 2059 982 2083 1
1003 2059 1085 2088 Sent„
1107 2059 1164 2084 dist.
1183 2067 1270 2090 vani,
1289 2065 1336 2085 art.
1357 2067 1379 2089 2,
1401 2059 1424 2090 3,
1443 2066 1473 2091 43
1494 2060 1535 2084 De
1558 2059 1647 2090 Verit„
1668 2068 1712 2092 qu.
1731 2068 1800 2092 xxm,
1820 2065 1866 2085 art.
1886 2060 1911 2085 8.

409 2172 415 2179 ‹
472 2185 487 2199 ,ff
519 2175 522 2177 Α
565 2161 587 2186 D
607 2160 771 2185 DECIMUM
791 2159 843 2184 sm
869 2159 1107 2185 PROCEDITUR.
1129 2147 1287 2184 Videtur
1312 2148 1418 2196 quod
1469 2155 1616 2185 tenetur
1644 2149 1785 2185 habere
1805 2155 1951 2186 rectum
1980 2161 2056 2185 cor.
2079 2150 2183 2197 Ergo
2203 2149 2358 2198 quilibet
2384 2157 2532 2189 tenetur

415 2201 429 2222 ³
479 2194 544 2251 ‘25³5
566 2202 742 2238 voluntas
780 2200 945 2237 hominis
980 2213 1058 2236 non
1094 2200 1231 2237 debeat
1265 2213 1416 2249 semper
1468 2202 1567 2238 velle
1596 2201 1702 2249 quod
1729 2202 1834 2238 Deus
1862 2201 1953 2238 vult.
2325 2241 2327 2243 ,
2408 2220 2410 2223 >

538 2253 796 2290 conformari
826 2252 975 2289 divinae
1002 2253 1188 2289 voluntati
1216 2253 1254 2289 in
1281 2253 1412 2290 volito.
1523 2265 1559 2290 2.
1580 2254 1814 2299 PRAETEREA,
1835 2254 1959 2290 forma
1986 2254 2190 2291 voluntatis
2211 2261 2266 2291 est
2294 2266 2340 2291 ex
2364 2254 2528 2302 obiecto,

522 2300 657 2344 &Non
686 2306 788 2342 enim
815 2317 1021 2353 possumus
1053 2306 1151 2342 velle
1180 2305 1283 2354 quod
1311 2305 1416 2352 igno·
1469 2305 1563 2342 sicut
1600 2313 1636 2342 et
1664 2306 1861 2342 cuiuslibet
1893 2313 2011 2342 actus.
2043 2306 2082 2343 Si
2111 2318 2199 2354 ergo
2233 2314 2382 2343 tenetur
2408 2308 2528 2343 homo

356 2372 500 2396 ramus:
527 2360 672 2395 bonum
703 2359 804 2395 enirn
834 2359 1115 2406 apprehensum
1140 2365 1195 2394 est
1223 2358 1415 2394 obiectum
1470 2358 1708 2394 conformare
1736 2359 1973 2394 voluntatem
2001 2371 2110 2395 suam
2143 2359 2330 2396 voluntati
2359 2359 2527 2406 divinae,

354 2412 570 2448 voluntatis.
602 2411 678 2448 Sed
715 2411 806 2459 quid
841 2412 946 2447 Deus
983 2411 1092 2457 velit,
1124 2411 1344 2458 ignoramus
1377 2411 1415 2447 in
1469 2411 1636 2458 sequitur
1663 2415 1678 2438 Υ
1708 2412 1814 2458 quod
1841 2418 2012 2447 teneatur
2036 2412 2275 2448 conformare
2303 2411 2342 2448 in
2369 2411 2501 2448 volito.

354 2464 536 2512 plurimis.
567 2465 668 2511 Ergo
698 2467 775 2500 non'
803 2471 928 2511 potest
955 2464 1125 2500 humana
1156 2464 1333 2500 voluntas
1362 2463 1416 2500 di·
1524 2465 1557 2500 3.
1580 2465 1811 2510 PRAETEREA,
1833 2463 2078 2512 repugnantia
2096 2465 2335 2501 voluntatum
2363 2464 2530 2501 consistit

354 2517 467 2554 vinae
494 2517 679 2553 voluntati
709 2516 939 2553 conformari
966 2516 1004 2552 in
1031 2516 1162 2552 volito.
1469 2515 1507 2552 in
1535 2516 1629 2562 hoc,
1655 2517 1758 2564 quod
1786 2516 1962 2552 homines
1990 2516 2140 2553 diversa
2167 2517 2312 2553 volunt.
2343 2517 2420 2553 Sed
2447 2517 2530 2564 qui-

410 2582 444 2606 2.
474 2570 716 2616 PRAETEREA,
746 2571 852 2606 Deus
888 2569 970 2605 vult
1007 2569 1189 2605 damnare
1227 2568 1414 2616 aliquem,
1470 2580 1635 2616 cumque
1662 2569 1777 2605 habet
1803 2569 2040 2605 voluntatem
2074 2576 2349 2617 repugnantem
2378 2569 2528 2606 divinae

356 2635 472 2670 quern
500 2622 661 2670 praescit
688 2622 726 2658 in
754 2621 902 2658 mortali
925 2629 1083 2669 peccato
1114 2621 1353 2657 moriturum.
1376 2620 1415 2657 Si
1468 2620 1666 2667 voluntati,
1682 2621 1797 2657 habet
1810 2622 1951 2657 malam
1970 2622 2219 2658 voluntatem.
2236 2622 2338 2669 Ergo
2358 2621 2530 2669 quicum-

358 2687 445 2722 ergo
462 2675 580 2711 homo
597 2682 785 2711 teneretur
800 2675 1038 2710 conformare
1053 2674 1289 2710 voluntatem
1306 2685 1414 2710 suam
1469 2685 1544 2721 que
1573 2685 1651 2710 non
1681 2673 1894 2710 conformat
1925 2674 2164 2710 voluntatem
2199 2686 2308 2710 suam
2342 2674 2530 2711 voluntati

358 2728 506 2764 divinae
526 2728 709 2764 voluntati
731 2727 768 2763 in
782 2727 913 2773 volito,
931 2734 1150 2775 sequeretur
1170 2726 1273 2774 quod
1293 2727 1412 2763 homo
1471 2726 1620 2763 divinae
1650 2726 1688 2762 in
1716 2726 1847 2773 volito,
1868 2726 1983 2762 habet
2010 2727 2152 2763 malam
2181 2727 2430 2764 voluntatem.

355 2787 546 2816 teneretur
564 2781 661 2816 velle
690 2791 799 2816 suam
823 2779 1120 2816 damnationem.
1143 2778 1259 2825 Quod
1279 2786 1334 2815 est
1361 2779 1415 2815 in·
1523 2779 1748 2815 RESPONDEO
1772 2790 1955 2816 DICENDUM
1975 2779 2092 2828 quod,
2113 2779 2207 2816 sicut
2227 2791 2272 2817 ex
2290 2778 2492 2828 praedictis
2510 2778 2530 2801 ²⁸⁸

357 2832 599 2870 conveniens.
1469 2839 1587 2880 patet,
1615 2831 1792 2867 voluntas
1820 2831 1936 2868 fertur
1966 2831 2005 2868 in
2033 2844 2146 2869 suum
2175 2831 2368 2869 obiectum
2398 2843 2530 2870 secun-

411 2886 444 2922 3.
465 2886 698 2932 PRAETEREA,
715 2885 839 2922 nullus
858 2891 1006 2921 tenetur
1029 2884 1127 2921 velle
1152 2883 1291 2931 aliquid
1311 2885 1416 2933 quod
1470 2884 1562 2921 dum
1591 2883 1696 2931 quod
1716 2896 1738 2920 a
1757 2884 1900 2920 ratione
1923 2885 2160 2933 proponitur.
2182 2884 2375 2933 Contingit
2402 2892 2530 2925 autem

357 2945 410 2974 est
431 2946 561 2974 contra
579 2938 770 2986 pietatem.
789 2938 866 2974 Sed
885 2937 915 2974 si
934 2938 1053 2974 homo
1072 2937 1187 2974 vellet
1201 2936 1290 2974 illud
1311 2937 1416 2985 quod
1470 2936 1610 2987 aliquid
1625 2949 1647 2973 a
1666 2937 1809 2973 ratione
1825 2937 2055 2975 considerari
2074 2938 2343 2986 diversimode,
2359 2938 2410 2974 ita
2424 2937 2530 2987 quod

357 2991 460 3027 Deus
488 2992 579 3037 vult,
605 2992 680 3027 hoc
709 2998 806 3027 esset
834 2990 1066 3039 quandoque
1095 2995 1112 3011 ‘²
1142 2997 1272 3026 contra
1299 2990 1415 3040 pieta·
1469 2991 1540 3026 sub
1567 3001 1645 3026 una
1673 2989 1816 3026 ratione
1847 2997 1902 3026 est
1929 2991 2086 3037 bonum,
2113 2997 2150 3027 et
2177 2990 2389 3028 secundum
2417 2990 2529 3027 aliam

357 3050 451 3079 tem:
472 3051 574 3091 puta,
596 3055 683 3079 cum
712 3045 816 3079 Deus
843 3044 926 3080 vult
944 3042 1043 3079 mori
1070 3050 1217 3091 patrem
1246 3043 1414 3091 alicuius,
1470 3042 1654 3079 rationem
1683 3055 1762 3079 non
1789 3043 1946 3079 bonum.
1967 3044 2016 3079 Et
2042 3043 2129 3080 ideo
2157 3044 2333 3080 voluntas
2360 3043 2528 3091 alicuius,

358 3095 387 3131 si
416 3095 516 3132 filius
544 3096 618 3132 hoc
645 3096 747 3132 idem
775 3096 906 3142 vellet,
938 3103 1068 3132 contra
1095 3095 1275 3143 pietatem
1304 3103 1414 3133 esset.
1470 3095 1500 3132 si
1517 3095 1608 3132 velit
1626 3095 1717 3132 illud
1737 3107 1831 3143 esse,
1852 3096 2064 3133 secundum
2084 3096 2190 3144 quod
2213 3096 2327 3133 habet
2345 3096 2528 3133 rationem

358 3148 459 3196 Ergo
480 3160 558 3184 non
578 3155 724 3184 tenetur
744 3149 863 3185 homo
884 3147 899 3178 β
919 3149 1158 3185 conformare
1178 3149 1413 3186 voluntatem
1470 3148 1572 3195 boni,
1595 3155 1650 3184 est
1673 3149 1794 3186 bona:
1826 3155 1861 3184 et
1886 3149 2062 3185 voluntas
2082 3148 2243 3196 alterius,
2265 3149 2296 3185 si
2321 3148 2413 3186 velit
2437 3146 2529 3187 illud

358 3213 466 3237 suam
494 3201 679 3237 voluntati
709 3200 859 3237 divinae
887 3201 925 3237 in
952 3201 1083 3238 volito.
1469 3201 1571 3237 idem
1599 3213 1677 3237 non
1708 3213 1801 3249 esse,
1828 3201 2040 3238 secundum
2069 3201 2173 3250 quod
2200 3201 2316 3239 habet
2342 3201 2527 3238 rationem

379 3248 383 3254 N
412 3254 485 3290 SED
506 3265 651 3290 CONTRA
670 3265 736 3289 EST
757 3253 846 3301 quia
867 3266 980 3302 super
1002 3253 1091 3290 illud
1111 3253 1250 3290 Psalmi
1269 3262 1364 3290 xxxn
1383 3253 1414 3301 ³¹⁵,
1470 3253 1571 3300 mali,
1593 3253 1661 3290 erit
1678 3255 1855 3290 voluntas
1877 3253 1990 3290 etiam
2019 3255 2131 3291 bona.
2154 3254 2259 3291 Sicut
2277 3253 2389 3291 iudex
2411 3252 2528 3290 habet

357 3307 493 3343 Rectos
521 3306 625 3343 decet
649 3303 892 3351 collaudatio,
919 3305 1006 3342 dicit
1035 3307 1170 3343 Glossa
1198 3305 1232 3342 *ε
1257 3307 1416 3343 Rectum
1471 3307 1614 3343 bonam
1642 3307 1897 3354 voluntatem,
1924 3307 2016 3344 dum
2044 3308 2126 3345 vult
2158 3306 2387 3344 occisionem
2415 3305 2527 3342 latro-

359 3370 425 3395 cor
452 3360 564 3396 hahet
588 3359 653 3407 qui
677 3358 758 3395 vult
783 3359 884 3406 quod
908 3360 1010 3395 Deus
1038 3359 1125 3395 vult.
1158 3358 1233 3396 Sed
1263 3358 1418 3408 quilibet
1471 3359 1538 3406 nis,
1560 3359 1648 3408 quia
1672 3359 1768 3396 iusta
1793 3366 1863 3395 est:
1892 3360 2068 3397 voluntas
2097 3367 2225 3397 autem
2251 3358 2412 3405 alterius,
2435 3364 2528 3406 puta

413 3482 439 3513 α)
460 3481 624 3513 quandoque.
641 3494 661 3500 ·-
678 3481 740 3505 Om.
754 3480 863 3505 codices.
1444 3481 1446 3544 y
1524 3482 1550 3515 γ)
1571 3482 1698 3514 sequitur.
1716 3494 1734 3499 -
1752 3481 1898 3513 requiritur
1918 3482 1963 3506 Pa.

413 3515 438 3548 β)
457 3516 542 3541 homo.
560 3530 578 3535 —
597 3516 657 3540 Om.
678 3516 724 3540 Pa.

2558 2786 2567 2796 ·
2580 2786 2632 2807 Art.
2645 2791 2666 2814 3,
2679 2790 2709 2813 5..
