2846 4146
204 858 210 865 -
221 847 326 890 ‘Qu-'7'-
334 851 345 858 ·

133 2599 144 2609 ·
157 2598 193 2621 Cf.
207 2604 272 2621 unm.
286 2604 318 2635 γι.

133 2643 144 2653 ·
157 2641 229 2665 Num.
246 2647 296 2670 seq.

1071 242 1336 289 QUAEST10
1366 243 1450 291 Lx,

370 327 452 355 recta
474 320 604 351 ratione.
629 321 696 350 Aut
719 329 793 359 ergo
817 321 1029 352 numerandae
1053 328 1127 352 sunt
1148 321 1332 362 prudentiae
1355 331 1428 361 pro-

369 364 455 407 priae
476 363 563 395 iuxta
584 363 704 404 species
726 363 898 403 agibilium,
918 371 949 395 et
964 372 1085 405 praeter
1103 365 1158 395 has
1174 365 1355 405 prudentias
1371 375 1428 406 po-

371 407 474 439 nenda
497 414 543 438 est
566 406 747 439 communis
770 407 936 447 prudentia
958 409 1099 439 iudicans
1119 409 1199 440 inter
1214 409 1332 445 omnia,
1348 409 1428 440 sicut

370 457 492 493 praeter
518 460 628 481 sensus
655 450 801 490 proprios
824 451 954 490 ponitur
981 453 1179 483 communis:
1204 459 1259 483 aut
1281 453 1429 493 ponenda

372 502 419 526 est
430 503 494 525 una
508 493 576 525 sola
590 493 767 534 prudentia,
781 494 923 525 iudicans
939 497 1066 536 propria
1082 496 1287 536 singulariter,
1305 504 1335 527 et
1350 497 1430 527 inter

372 538 490 569 omnia.
511 538 655 569 Primum
678 537 785 568 nullus
801 538 952 569 hactenus
971 540 1087 580 posuit,
1104 547 1260 581 quantum
1275 540 1347 571 vidi.
1363 541 1430 570 Nec

371 581 595 613 rationabiliter
621 587 708 612 tanta
730 582 903 612 multitudo
932 583 1076 622 ponitur:
1105 584 1259 624 quoniam
1287 584 1339 614 illa
1362 584 1430 614 sola

372 625 495 656 sufficit.
515 625 602 656 Sicut
625 625 651 655 si
669 631 781 655 natura
795 626 950 666 potuisset
965 626 1064 658 facere
1080 637 1208 658 sensum
1223 637 1430 658 communem

372 669 439 700 sine
461 668 597 708 propriis
620 668 823 708 attingentem
847 669 1004 701 sensibilia
1023 671 1183 707 exteriora,
1200 671 1309 712 utique
1323 671 1430 711 ipsum

372 712 478 743 solum
501 711 634 743 fecisset.
654 712 746 743 Unde
763 723 836 743 cum
855 713 932 743 nihil
948 714 1113 754 prohibeat
1128 715 1328 755 prudentiam
1343 715 1430 746 illam

372 765 470 786 unam
492 754 684 786 iudicantem
706 756 787 786 inter
810 756 945 787 diversas
968 757 1131 797 agibilium
1154 759 1289 798 species,
1314 769 1430 799 cogno-

372 808 456 830 scere
477 798 616 838 singulas
639 799 772 839 species,
797 810 871 830 cum
895 801 989 831 etiarn
1011 802 1051 831 ad
1079 802 1248 842 singularia
1270 813 1304 833 se
1327 810 1430 833 exten-

372 843 436 879 dat,
451 848 488 872 ut
502 849 588 882 patet
603 843 646 877 Vl
661 843 764 875 Ethic.
779 842 811 880 *3
829 844 1022 881 rationabile,
1038 845 1140 876 immo
1158 847 1368 877 necessarium
1385 854 1432 877 est

371 895 470 916 unam
493 886 594 916 solam
618 896 684 917 esse
707 888 907 927 prudentiam
926 895 1068 928 respectu
1092 890 1238 920 omnium
1257 891 1429 930 agibilium.

428 929 611 960 Putandum
634 937 680 961 est
702 941 776 970 ergo
805 932 895 972 quod
917 932 1083 972 prudentia
1116 940 1162 964 est
1187 933 1286 964 virtus
1313 935 1431 965 altioris

372 972 490 1004 ordinis
514 983 611 1013 quam
635 974 696 1004 sint
718 975 847 1006 virtutes
871 975 1022 1006 morales:
1047 975 1127 1007 sicut
1150 977 1230 1007 ratio
1255 988 1310 1017 per
1329 988 1431 1009 essen-

371 1016 448 1047 tiam
471 1023 517 1047 est
544 1017 661 1047 altioris
691 1018 810 1048 ordinis
837 1019 1041 1050 rationalibus
1069 1030 1125 1059 per
1147 1021 1428 1061 participationem.

371 1060 504 1100 Propter
527 1062 615 1101 quod
638 1061 671 1091 in
693 1061 795 1092 littera
823 1063 988 1102 prudentia
1017 1071 1218 1104 comparatur
1240 1066 1279 1095 ad
1301 1060 1445 1100 virtutess

371 1103 516 1140 morales,
541 1111 576 1135 ut
599 1105 647 1135 sol
670 1105 710 1135 ad
733 1106 851 1146 species
867 1117 885 1137 a
900 1116 932 1136 se
956 1107 1126 1146 productas
1145 1108 1179 1138 in
1193 1109 1329 1140 materiis
1352 1110 1431 1141 infe-

372 1147 516 1178 rioribus.
546 1148 588 1179 Et
609 1148 705 1179 simul
728 1150 806 1180 dum
829 1149 1004 1181 ostenditur
1026 1151 1105 1182 ratio
1129 1152 1313 1184 diversitatis
1335 1154 1431 1185 virtu-

372 1197 442 1221 tum
466 1191 646 1228 moralium,
671 1192 747 1233 quia
770 1193 1022 1233 participationes
1046 1202 1129 1231 sunt,
1153 1195 1329 1228 insinuatur
1352 1198 1430 1228 ratio

372 1233 500 1265 unitatis
522 1235 723 1275 prudentiae:
749 1236 823 1276 quia
845 1247 902 1276 per
925 1238 1091 1268 essentiam
1115 1246 1161 1269 est
1184 1240 1271 1277 ratio,
1293 1248 1323 1272 et
1337 1241 1430 1281 parti-

372 1277 474 1318 cipata
495 1279 534 1309 ab
557 1279 635 1309 aliis.
659 1279 766 1310 Virtus
790 1286 897 1310 autem
920 1281 1038 1311 altioris
1062 1282 1180 1312 ordinis
1199 1291 1326 1324 oportet
1343 1287 1431 1326 quod

371 1321 484 1352 habeat
505 1322 666 1352 obiectum
684 1323 851 1362 proprium
867 1333 998 1364 quoque
1013 1325 1132 1356 altioris
1149 1327 1277 1359 ordinis.
1300 1329 1342 1360 Et
1357 1339 1431 1368 pro-

370 1371 478 1405 pterea
499 1365 641 1405 singulae
662 1366 792 1397 virtutes
808 1367 944 1398 morales
958 1367 1074 1398 habent
1089 1379 1147 1408 pro
1164 1371 1293 1402 obiectis
1309 1373 1431 1412 singula

371 1407 452 1480 ff?
468 1407 475 1414 '
536 1409 695 1450 quaedam
723 1409 808 1440 enim
835 1417 910 1440 sunt
937 1411 1058 1442 obiecta
1086 1413 1195 1449 unius,
1221 1421 1252 1444 et
1274 1417 1431 1455 quaedam

402 1457 512 1488 tenus,
537 1458 574 1482 ut
595 1458 696 1492 patet:
720 1451 820 1492 ipsius
848 1460 955 1484 autern
985 1455 1169 1494 prudentiae
1197 1458 1358 1489 obiectum
1385 1467 1432 1490 est

370 1500 477 1525 totum
504 1495 626 1535 agibile.
650 1496 783 1536 Propter
810 1498 898 1537 quod
926 1497 1036 1534 littera,
1064 1499 1224 1538 assignans
1247 1502 1430 1541 prudentiae

371 1537 543 1575 obiectum,
566 1538 599 1569 in
623 1540 830 1579 responsione
853 1541 892 1571 ad
915 1541 1066 1582 primum,
1091 1543 1167 1573 dicit
1189 1545 1276 1585 quod
1293 1553 1340 1577 est
1355 1557 1429 1578 con-

372 1582 502 1622 tingens
523 1583 656 1623 agibile,
681 1590 713 1614 et
735 1593 801 1614 non
824 1585 890 1615 tale
912 1586 963 1616 vel
989 1587 1055 1616 tale
1076 1586 1204 1627 agibile.
1233 1587 1431 1630 Contingens

372 1631 480 1657 autem
494 1626 617 1666 agibile,
641 1627 717 1668 quia
739 1628 906 1668 dupliciter
921 1635 968 1660 est
985 1630 1146 1661 obiectum
1164 1633 1358 1671 prudentiae,
1375 1635 1432 1666 sci-

370 1668 444 1700 licet
459 1676 495 1701 ut
512 1680 623 1701 verum
638 1678 670 1702 et
687 1677 724 1702 ut
742 1672 916 1703 obiectum:
931 1690 952 1695 -
965 1680 1002 1704 ut
1016 1684 1126 1705 verum
1142 1676 1282 1716 quidem,
1298 1677 1431 1719 inquan-

372 1718 442 1749 tum
464 1712 621 1744 iudicatur
650 1715 688 1745 ab
716 1714 800 1756 ipsa,
826 1723 856 1746 et
877 1716 940 1747 hoc
963 1725 1082 1757 spectat
1104 1719 1143 1749 ad
1170 1721 1372 1759 prudentiam
1395 1733 1432 1753 ex

371 1763 459 1802 parte
477 1756 672 1795 intellectus;
696 1765 732 1790 ut
753 1760 877 1790 bonum
891 1766 1007 1798 autem,
1027 1761 1218 1803 inquantum
1240 1772 1285 1796 est
1306 1765 1376 1797 finis
1392 1767 1432 1798 ad

371 1808 470 1840 quem
491 1801 653 1842 praecipit,
678 1809 708 1834 et
730 1803 792 1834 hoc
815 1811 933 1844 spectat
952 1805 991 1835 ad
1007 1806 1207 1845 prudentiam
1223 1819 1260 1839 ex
1275 1816 1362 1849 parte
1376 1821 1431 1852 ap-

319 1851 321 1858 *
371 1845 502 1884 petitus:
513 1862 531 1868 -
542 1846 691 1876 omnibus
706 1847 810 1877 modis
822 1848 976 1879 unitatem
992 1849 1159 1881 formalem
1175 1852 1295 1890 retinet,
1310 1864 1346 1884 ac
1358 1864 1433 1894 pru-

372 1887 495 1919 dentiae
509 1889 687 1929 specificam
701 1891 764 1921 dat.
778 1891 865 1922 Sicut
877 1893 962 1922 enim
973 1894 1129 1932 sensibile,
1145 1896 1305 1927 obiectum
1321 1908 1430 1929 sensus

372 1933 567 1970 communis,
589 1933 662 1965 licet
684 1934 716 1964 in
741 1945 773 1965 se
797 1945 968 1971 commune
995 1939 1177 1978 genericum
1200 1940 1254 1977 sit,
1277 1942 1431 1973 unitatem

372 1974 551 2016 specificam
574 1977 627 2008 dat
649 1978 754 2009 sensui
778 1980 956 2016 communi;
980 1981 1022 2012 ita
1038 1982 1159 2022 agibile‚
1176 1984 1336 2015 obiectum
1355 1996 1430 2026 pru-

372 2019 503 2052 dentiae.
527 2021 569 2051 Et
590 2031 707 2058 rursus,
732 2022 812 2053 sicut
826 2023 949 2054 bonum
965 2025 1092 2057 rationis
1115 2027 1147 2057 in
1171 2028 1431 2061 delectationibus

371 2070 472 2095 tactus
495 2071 542 2095 est
563 2063 634 2095 finis
658 2076 742 2096 unus
763 2068 1005 2107 temperantiae,
1031 2077 1061 2100 et
1083 2070 1115 2100 in
1138 2071 1305 2103 timoribus
1327 2080 1358 2104 et
1377 2084 1431 2104 au—

372 2108 467 2139 daciis
493 2107 565 2139 finis
595 2119 679 2140 unus
707 2110 913 2148 fortitudinis,
943 2120 973 2143 et
996 2113 1039 2144 sic
1062 2114 1100 2144 de
1130 2115 1213 2152 aliis;
1237 2116 1280 2147 ita
1307 2118 1430 2148 bonum

370 2152 502 2183 rationis
523 2152 556 2182 in
579 2153 727 2191 universo
749 2164 862 2194 genere
885 2155 1057 2196 agibilium,
1075 2165 1121 2189 est
1139 2158 1210 2190 finis
1229 2160 1341 2191 unlcus
1357 2172 1431 2202 pru-

372 2196 505 2227 dentiae.
533 2197 669 2237 Oportet
697 2198 782 2228 enim
810 2198 928 2230 altioris
957 2201 1075 2231 ordinis
1104 2202 1211 2234 virtuti
1240 2206 1431 2244 respondere

370 2239 468 2270 finem
492 2240 608 2271 altioris
632 2241 760 2272 ordinis.
786 2242 889 2273 Immo
914 2245 994 2275 ordo
1014 2246 1213 2277 moventium
1229 2248 1322 2288 exigit
1337 2255 1373 2279 ut
1388 2249 1430 2279 al-

370 2283 443 2314 tiori
466 2285 584 2316 motori
612 2285 801 2326 respondeat
822 2286 894 2317 finis
924 2288 963 2318 ad
986 2298 1083 2329 quem
1112 2290 1296 2322 ordinentur
1319 2302 1431 2323 omnes

369 2327 448 2358 fines
470 2327 665 2359 inferiorum.
690 2329 732 2360 Et
754 2330 798 2360 sic
820 2330 933 2362 accidit
953 2331 986 2361 in
1009 2333 1186 2373 proposito,
1206 2334 1284 2365 dum
1307 2336 1431 2366 bonum

369 2371 500 2402 rationis
522 2372 555 2402 in
577 2372 654 2409 istis,
671 2379 703 2403 et
720 2373 843 2404 bonum
865 2375 994 2405 rationis
1016 2376 1049 2407 in
1073 2377 1133 2407 illis
1152 2378 1361 2418 passionibus,
1381 2390 1431 2410 or-

370 2415 519 2446 dinantur
540 2416 580 2446 ad
602 2417 726 2447 bonum
742 2417 870 2449 rationis
886 2418 1077 2459 simpliciter,
1097 2420 1178 2452 idest
1191 2422 1337 2454 totaliter.
1355 2441 1373 2446 -
1391 2424 1431 2455 Et

371 2459 415 2491 sic
437 2465 504 2490 tam
526 2469 563 2490 ex
587 2467 668 2497 actu,
686 2470 783 2501 quam
803 2471 839 2492 ex
855 2462 985 2493 materia
1004 2471 1035 2495 et
1050 2464 1173 2496 obiecto
1190 2472 1226 2497 ut
1241 2467 1429 2504 vero-bono,

370 2503 503 2534 habetur
524 2504 628 2535 unitas
650 2511 757 2535 atoma
780 2506 973 2546 prudentiae.

425 2547 509 2578 Vm.
532 2548 626 2578 Nunc
650 2555 792 2588 superest
814 2550 1002 2590 respondere
1026 2552 1166 2582 secundo
1190 2554 1333 2593 quaesito
1349 2554 1380 2589 *;
1401 2560 1432 2584 et

372 2591 485 2621 deinde
512 2591 640 2622 satisfiet
666 2600 854 2632 argumento
882 2593 967 2624 Scoti
986 2594 1012 2625 *.
1038 2594 1123 2625 Cum
1146 2597 1320 2636 quaeritur:
1346 2597 1430 2636 Ergo

371 2643 469 2675 penes
491 2635 570 2675 quid
592 2636 763 2667 attenditur
784 2637 843 2667 ista
864 2637 967 2668 unitas
991 2638 1120 2668 rationis
1135 2639 1199 2669 veri
1219 2640 1332 2671 obiecti
1355 2651 1430 2681 pru-

373 2676 515 2709 dentiae?
537 2680 720 2719 responderi
744 2686 850 2720 potest
872 2687 903 2711 et
926 2691 961 2711 ex
984 2689 1070 2722 parte
1087 2683 1210 2719 obiecti,
1235 2690 1266 2714 et
1287 2694 1324 2714 ex
1342 2691 1430 2724 parte

373 2722 514 2754 subiecti.
538 2723 570 2754 Si
588 2723 753 2764 loquimur
776 2734 812 2754 ex
827 2730 915 2764 parte
932 2725 1055 2763 obiecti,
1071 2726 1175 2757 unitas
1190 2726 1248 2758 ista
1263 2728 1432 2759 attenditur

373 2775 469 2808 penes
492 2767 646 2798 unitatem
669 2767 798 2798 rationis
821 2768 972 2806 formalis,
996 2770 1084 2810 quod
1104 2777 1150 2801 est
1168 2771 1352 2812 contingens
1367 2772 1430 2811 agi-

1480 242 1774 279 ARTICULUS
1805 243 1835 278 Il
2460 245 2532 291 387

1482 322 1554 358 bile,
1578 329 1614 352 ut
1636 322 1670 352 in
1687 322 1798 357 littera,
1815 321 1848 351 in
1867 322 2072 361 responsione
2088 322 2126 351 ad
2146 321 2295 361 primum,
2312 321 2434 352 dicitur.
2450 321 2536 352 Con-

1481 366 1604 406 tingens
1628 366 1723 402 enirn,
1747 366 1836 406 quod
1860 375 2030 396 commune
2054 372 2099 396 est
2118 365 2246 395 factibili
2264 372 2294 396 et
2310 364 2422 404 agibili,
2438 366 2536 395 deter-

1482 410 1638 440 minatum
1661 410 1700 440 ad
1722 409 1852 449 agibile,
1876 409 2003 439 unicam
2026 409 2181 439 rationem
2203 409 2369 439 formalem
2393 408 2536 445 sortitur,

1483 463 1564 494 quae
1587 460 1633 484 est
1656 453 1816 484 obiectum
1839 452 2034 492 prudentiae,
2058 452 2138 483 sicut
2161 462 2215 482 ens
2238 452 2355 482 mobile
2379 452 2535 493 physicae.

1537 497 1584 527 Ex
1607 504 1694 537 parte
1716 506 1790 527 vero
1814 496 1955 532 subiecti,
1976 496 2078 526 unitas
2093 496 2150 526 ista
2170 496 2338 526 attenditur
2354 506 2449 535 penes
2468 497 2537 526 uni-

1482 547 1579 571 tatem
1601 541 1690 571 modi
1713 539 1881 576 iudicandi,
1905 539 2021 570 scilicet
2035 540 2211 570 secundum
2227 539 2468 578 dispositionem
2484 549 2538 579 ap-

1483 585 1613 624 petitus;
1637 592 1673 615 ut
1695 587 1816 614 Auctor
1837 584 1976 614 insinuat
1998 583 2031 613 in
2053 583 2238 624 quaestione
2252 583 2292 613 de
2316 583 2486 613 Virtutibus
2504 584 2537 613 in

1484 630 1644 658 communi
1655 628 1683 666 *‚
1696 635 1751 659 art.
1763 637 1805 658 xtt
1815 627 1860 658 **.
1874 627 1991 658 Omnia
2007 627 2092 658 enim
2104 627 2228 666 agibilia
2239 626 2271 657 in
2284 626 2462 666 particulari
2478 627 2538 657 fre-

1483 678 1615 712 quenter
1638 671 1814 702 iudicamus
1833 672 2009 702 secundum
2026 670 2268 711 dispositionem
2282 670 2450 710 appetitus.
2473 671 2538 701 Nec

1484 715 1560 746 haec
1579 715 1682 745 unitas
1698 722 1744 746 est
1759 715 1802 746 sic
1819 725 1855 745 ex
1870 722 1958 755 parte
1973 714 2114 750 subiecti,
2131 714 2209 755 quin
2227 713 2354 744 inchoet
2368 715 2406 744 ab
2425 714 2539 745 obiecti

1484 765 1612 790 natura:
1637 759 1712 799 quia
1735 769 1772 789 ex
1795 758 1856 789 hoc
1880 758 1967 799 quod
1991 757 2115 798 agibilia
2131 757 2307 789 consistunt
2329 757 2361 788 in
2385 759 2539 798 operatio-

1485 802 1578 832 nibus
1601 809 1633 832 et
1655 802 1853 842 passionibus
1876 812 1958 842 quae
1981 802 2014 832 in
2037 801 2129 832 nobis
2152 809 2242 838 sunt,
2267 801 2428 842 consurgit
2450 802 2539 843 quod

1484 846 1660 876 secundum
1675 846 1821 876 affectum
1836 846 2012 876 iudicemus
2027 855 2073 876 ea.
2097 846 2188 876 Unde
2204 845 2361 882 factibilia,
2377 845 2451 886 quia
2466 853 2540 876 sunt

1485 896 1568 920 extra
1591 899 1660 925 nos,
1685 899 1751 920 non
1775 899 1811 919 ex
1834 889 1959 925 affectu,
1984 890 2038 919 sed
2061 889 2220 920 intellectu
2244 889 2430 920 iudicamus.
2456 890 2540 926 Quia

1484 943 1559 973 ergo
1583 933 1642 963 alia
1663 933 1784 963 ratione
1806 943 1918 964 verum
1945 933 2141 964 decernimus
2164 932 2243 963 circa
2265 932 2403 972 agibilia,
2428 940 2459 963 et
2481 933 2540 964 alia

1485 976 1564 1007 circa
1587 976 1733 1007 factibilia
1756 983 1786 1007 et
1804 975 1985 1012 scientifica;
2006 983 2036 1007 et
2047 976 2130 1014 ‘haec
2147 976 2289 1016 specialis
2305 976 2383 1007 ratio
2399 977 2540 1008 consistit

1483 1020 1516 1050 in
1540 1020 1601 1050 hoc
1625 1021 1713 1061 quod
1737 1027 1783 1050 est
1809 1020 1946 1050 iudicare
1974 1020 2147 1050 secundum
2177 1020 2418 1060 dispositionem
2445 1031 2540 1061 appe-

1483 1064 1575 1099 titus;
1606 1064 1690 1094 etin
1718 1063 1779 1094 hoc
1806 1063 1915 1093 omnia
1944 1063 2067 1103 agibilia
2098 1063 2305 1094 conveniunt:
2336 1063 2408 1094 ideo
2432 1064 2540 1094 omnia

1485 1107 1610 1147 agibilia
1636 1108 1695 1138 sub
1719 1117 1783 1137 una
1805 1107 1869 1137 veri
1896 1107 2017 1137 ratione
2040 1108 2078 1137 ab
2102 1107 2261 1138 intellectu
2286 1107 2539 1147 conspiciuntur;

1484 1162 1520 1182 ac
1543 1161 1599 1191 per
1621 1151 1692 1187 hoc,
1713 1161 1776 1181 una
1795 1157 1841 1181 est
1862 1151 2064 1190 intelligibilis
2086 1151 2185 1181 virtus
2208 1151 2342 1190 dirigens
2366 1161 2411 1182 ea.
2431 1169 2452 1175 -
2474 1153 2541 1182 Nec

1486 1196 1589 1225 obstat
1618 1195 1707 1235 quod
1737 1194 1960 1234 dispositiones
1987 1194 2160 1234 appetitus,
2191 1194 2367 1225 secundum
2398 1205 2477 1235 quas
2506 1194 2542 1226 fit

1485 1238 1648 1274 iudicium,
1673 1246 1747 1269 sunt
1769 1237 1924 1268 diversae:
1949 1237 2029 1269 sicut
2052 1248 2118 1268 non
2142 1238 2245 1268 obstat
2268 1238 2379 1269 unitati
2395 1238 2540 1269 scientiae

1486 1282 1644 1312 diversitas
1677 1281 1905 1322 principiorum
1933 1281 2009 1312 eius.
2040 1281 2270 1322 Dispositiones
2294 1291 2431 1323 namque
2454 1282 2540 1319 istae,

1486 1335 1560 1356 cum
1583 1325 1645 1356 sint
1667 1325 1845 1356 affectiones
1868 1325 1908 1356 ad
1930 1325 2008 1355 fines
2032 1335 2176 1366 operum,
2201 1332 2232 1356 et
2253 1324 2331 1356 fines
2349 1326 2383 1355 in
2399 1325 2541 1366 operabi-

1484 1369 1567 1399 libus
1591 1369 1653 1400 sint
1675 1369 1756 1399 sicut
1779 1368 1932 1409 principia
1954 1369 1987 1399 in
2011 1369 2267 1409 speculabilibus;
2287 1375 2361 1400 sunt
2379 1369 2541 1410 principia,

1486 1422 1552 1442 non
1575 1419 1678 1452 partes
1706 1419 1806 1443 rectae
1835 1412 1982 1448 rationis,
2006 1423 2087 1454 quae
2110 1419 2157 1443 est
2179 1413 2278 1443 virtus
2305 1413 2541 1449 intellectualis,

1484 1462 1595 1486 vocata
1616 1455 1793 1496 prudentia.

1541 1499 1592 1528 IX.
1610 1499 1661 1529 Ad
1677 1499 1835 1529 motivum
1854 1506 1960 1530 autem
1984 1499 2069 1530 Scoti
2084 1499 2101 1519 *
2124 1499 2237 1530 dicitur
2259 1500 2347 1540 quod
2367 1500 2541 1531 similitudo

1486 1543 1524 1572 de
1547 1549 1610 1572 arte
1634 1549 1664 1573 et
1686 1542 1852 1582 prudentia
1875 1552 1941 1573 non
1965 1543 2059 1574 currit
2082 1549 2218 1583 quatuor
2241 1544 2384 1583 pedibus.
2409 1543 2543 1575 Constat

1485 1585 1571 1616 enim
1593 1595 1630 1616 ex
1652 1586 1695 1616 VI
1719 1586 1822 1617 Ethic.
1836 1586 1863 1622 *,
1881 1586 1969 1626 quod
1983 1596 2032 1616 ars
2046 1594 2092 1617 est
2106 1586 2138 1616 in
2154 1586 2274 1617 ratione
2291 1588 2406 1624 solum,
2423 1595 2454 1618 et
2469 1587 2541 1618 ideo

1485 1629 1639 1669 contingit
1665 1629 1733 1660 eius
1765 1630 1925 1666 oblivisci,
1960 1630 2041 1661 sicut
2071 1637 2101 1660 et
2133 1630 2348 1661 scientiarum:
2376 1632 2542 1671 prudentia

1484 1679 1591 1704 autem
1615 1683 1691 1710 non,
1715 1680 1746 1704 et
1772 1673 1844 1703 ideo
1865 1673 1932 1704 eius
1957 1683 2023 1703 non
2045 1681 2092 1704 est
2106 1673 2123 1692 *
2147 1674 2276 1704 oblivio.
2295 1675 2388 1705 Unde
2407 1676 2447 1705 ad
2470 1686 2542 1715 pro-

1484 1717 1627 1757 positum
1650 1716 1762 1747 dicitur
1785 1717 1873 1758 quod
1897 1717 2044 1748 factibilia
2066 1727 2132 1747 non
2155 1724 2229 1748 sunt
2251 1728 2309 1748 nec
2327 1718 2407 1749 inter
2425 1729 2468 1755 se,
2486 1729 2544 1749 nec

1482 1761 1515 1791 in
1540 1761 1604 1791 suis
1623 1760 1784 1801 principiis
1807 1771 1957 1797 connexa,
1975 1768 2011 1791 ut
2026 1768 2126 1801 patet:
2151 1761 2274 1801 agibilia
2290 1769 2396 1792 autem
2420 1770 2449 1793 et
2463 1763 2543 1793 inter

1484 1814 1526 1840 se,
1551 1811 1582 1835 et
1603 1805 1635 1834 in
1659 1804 1820 1845 principiis
1844 1814 1984 1835 connexa
2007 1814 2074 1835 esse
2093 1811 2219 1845 oportet
2232 1806 2271 1835 ad
2285 1806 2411 1838 unicam
2426 1813 2543 1837 rectam

1485 1858 1598 1879 eorum
1621 1848 1786 1879 rationem.
1817 1849 1858 1879 Et
1880 1850 1968 1889 quod
1991 1849 2071 1880 inter
2094 1859 2126 1879 se
2149 1849 2279 1890 quidem
2307 1850 2387 1880 adeo
2411 1861 2542 1881 concur·

1484 1899 1554 1923 rant
1582 1899 1617 1923 ut
1639 1893 1702 1923 hoc
1725 1892 1861 1932 exigant,
1886 1900 1971 1933 patet
1998 1904 2034 1924 ex
2063 1893 2278 1933 frequentibus
2307 1894 2542 1934 operationibus

1485 1946 1597 1966 eorum
1620 1936 1855 1967 occurrentibus
1882 1937 1915 1967 in
1943 1937 2083 1968 humana
2104 1938 2187 1973 vita,
2211 1948 2289 1978 quas
2313 1945 2439 1978 oportet
2460 1946 2543 1970 recta

1484 1980 1604 2010 ratione
1628 1980 1791 2020 agibilium
1815 1981 1943 2011 iudicari
1967 1987 1998 2011 et
2019 1981 2101 2021 eligi.
2126 1982 2225 2018 Quod
2246 1991 2312 2011 non
2334 1982 2488 2022 contingit
2509 1982 2542 2012 in

1485 2024 1647 2064 disparatis
1670 2024 1803 2055 artibus:
1832 2034 1897 2054 non
1922 2025 2006 2055 enim
2030 2032 2156 2065 oportet
2179 2035 2296 2066 ponere
2323 2036 2420 2056 unam
2444 2033 2542 2056 artem

1485 2068 1712 2099 discernentem
1734 2068 1815 2099 inter
1829 2075 1916 2099 actus
1931 2069 2004 2099 artis
2020 2069 2166 2106 sutoriae,
2184 2076 2214 2100 et
2230 2069 2436 2109 navigativae;
2460 2080 2541 2110 quo-

1485 2112 1571 2142 niam
1594 2112 1671 2143 haec
1695 2112 1839 2143 discretio
1862 2123 1928 2143 non
1952 2119 2021 2153 eget
2043 2113 2150 2153 regula
2168 2113 2312 2153 practica,
2334 2114 2389 2144 sed
2405 2114 2540 2150 scientia,

1485 2163 1520 2187 ut
1542 2162 1638 2196 patet.
1665 2156 1786 2187 Electio
1810 2162 1917 2187 autem
1940 2156 2035 2187 huius
2057 2157 2130 2188 artis
2149 2157 2248 2197 magis
2264 2167 2362 2198 quam
2384 2157 2478 2194 illius,
2503 2157 2543 2187 ad

1485 2200 1686 2240 prudentiam
1709 2207 1843 2242 spectat;
1868 2201 1948 2231 sicut
1971 2200 2048 2231 aliae
2072 2201 2238 2231 electiones
2267 2211 2543 2242 quarumcumque

1485 2244 1718 2284 operationum.
1744 2262 1765 2267 —
1789 2244 1823 2274 ln
1847 2243 2008 2284 principiis
2036 2251 2142 2283 autem
2171 2245 2400 2275 connexionem
2424 2245 2543 2285 exigere

1486 2288 1664 2318 manifestat
1686 2288 1775 2328 quod
1798 2297 1882 2318 error
1901 2287 1934 2318 in
1959 2288 2089 2329 proprio
2113 2288 2269 2328 principio
2292 2295 2392 2319 rectae
2414 2289 2543 2319 rationis

1485 2338 1627 2371 respectu
1644 2331 1885 2368 delectabilium,
1898 2332 2052 2362 redundat
2066 2332 2099 2362 in
2114 2341 2252 2362 errorem
2263 2332 2409 2372 principii
2425 2339 2455 2363 et
2469 2343 2543 2363 con-

1487 2375 1637 2406 clusionis
1659 2375 1693 2405 in
1715 2375 1914 2412 terribilibus,
1931 2382 1962 2407 et
1985 2385 2001 2406 e
2025 2385 2187 2407 converso.
2209 2376 2241 2406 Si
2265 2376 2336 2416 quis
2359 2376 2444 2406 enim
2462 2383 2544 2407 recte

1486 2419 1658 2459 dispositus
1681 2419 1721 2450 sit
1743 2419 1783 2450 ad
1806 2419 1944 2459 pericula
1967 2419 2041 2450 belli
2060 2420 2234 2456 subeunda,
2254 2427 2285 2451 et
2299 2420 2381 2450 male
2398 2420 2478 2451 circa
2492 2431 2543 2450 ve-

1486 2470 1593 2501 nerea;
1617 2470 1648 2494 et
1670 2463 1848 2504 praevalere
1875 2463 2039 2503 contigerit
2069 2464 2310 2504 dispositionem
2334 2465 2373 2494 ad
2394 2464 2542 2500 Venerem

1485 2507 1593 2538 oblato
1617 2507 1741 2538 obiecto
1766 2507 1951 2543 delectabili;
1976 2507 2100 2539 omittet
2122 2508 2271 2548 prosequi
2294 2507 2433 2548 pericula
2454 2508 2542 2543 belli,

1485 2550 1688 2591 impedientia
1712 2550 1960 2582 delectationem.
1985 2551 2026 2582 Et
2044 2561 2060 2581 e
2076 2556 2243 2588 converso,
2267 2558 2348 2582 recte
2371 2551 2542 2592 dispositus

1485 2595 1525 2624 ad
1548 2595 1769 2625 abstinentiam
1785 2605 1803 2624 a
1817 2594 1967 2631 venereis,
1991 2601 2022 2625 et
2044 2595 2127 2625 male
2151 2595 2230 2626 circa
2253 2595 2401 2627 timorem
2420 2596 2542 2636 pericu-

1485 2639 1606 2674 lorum;
1630 2638 1816 2669 imminente
1838 2639 1991 2678 periculo,
2015 2638 2041 2668 si
2060 2639 2156 2670 timor
2178 2639 2394 2679 praevaluerit,
2419 2639 2543 2670 omittet

1486 2682 1672 2718 castitatem,
1698 2693 1738 2712 ne
1760 2682 1876 2713 incidat
1903 2682 1936 2712 in
1964 2682 2171 2713 formidatum
2198 2683 2333 2720 malum;
2358 2690 2394 2713 ut
2416 2683 2455 2713 de
2478 2684 2541 2713 Lu-

1485 2727 1578 2757 cretia
1601 2726 1714 2757 dicitur
1728 2726 1754 2762 *,
1771 2733 1802 2757 et
1824 2726 2008 2767 quotidiana
2031 2726 2219 2766 experientia
2243 2727 2354 2758 docere
2371 2734 2484 2768 potest.
2501 2727 2543 2758 Et

1484 2770 1546 2800 hoc
1568 2771 1643 2811 quia
1665 2770 1832 2810 prudentia
1856 2777 1902 2801 est
1923 2770 1956 2800 in
1975 2770 2094 2801 ratione
2119 2778 2154 2802 ut
2176 2771 2283 2802 subest
2305 2771 2467 2811 appetitui.

1136 2940 1451 2982 ARTICULUS
1481 2940 1777 2982 SECUNDUS

485 3040 639 3071 UTRUM
662 3039 877 3070 VIRTUTES
901 3038 1103 3070 MORALES

1127 3039 1245 3076 QUAE
1274 3040 1387 3071 SUNT
1411 3039 1541 3073 CIRCA
1565 3040 1882 3082 OPERATIONES,
1907 3041 2260 3074 DISTINGUANTUR
2282 3043 2337 3075 AB
2361 3020 2429 3074 HIS

1130 3083 1247 3120 QUAE
1271 3083 1384 3115 SUNT
1408 3083 1538 3115 CIRCA
1560 3083 1786 3116 PASSIONES

1293 3204 1295 3206 Ι
1314 3171 1335 3195 ῙῙ
1355 3171 1450 3200 Ethic„
1469 3172 1527 3196 lect.
1545 3179 1600 3196 vm.

406 3275 471 3318 123>
489 3280 561 3329 tm<
583 3271 606 3296 n
621 3270 813 3296 SECUNDUM
827 3271 881 3296 stc
897 3270 1136 3296 PROCEDITUR.
1151 3258 1309 3296 Videtur
1323 3259 1428 3308 quod

401 3304 556 3370 ‘QAQ'JR
582 3312 739 3349 virtutes
772 3312 936 3348 morales
968 3324 1046 3348 non
1078 3311 1352 3359 distinguantur
1379 3312 1428 3348 ab

392 3354 511 3412 ,fixa
523 3352 747 3407 's'invicem
782 3376 852 3413 per
881 3365 956 3401 hoc
989 3365 1093 3414 quod
1126 3364 1315 3413 quaedam
1344 3371 1431 3401 sunt

432 3395 519 3459 fif?
544 3411 682 3455 circa
710 3416 970 3466 operationes,
999 3418 1189 3465 quaedam
1219 3417 1316 3453 circa
1342 3429 1428 3466 pas-

290 3499 296 3506 .
322 3496 346 3507 .-
373 3469 510 3521 siones.
531 3469 631 3507 Dicit
646 3469 746 3507 enim
760 3469 1026 3518 Philosophus,
1042 3469 1080 3506 in
1095 3469 1301 3516 11Ethic.*,
1322 3469 1427 3517 quod

326 3526 333 3533 ”
372 3522 489 3560 virtus
517 3523 670 3560 moralis
699 3529 755 3559 est
790 3523 891 3559 circa
919 3522 1175 3559 delectationes
1201 3528 1237 3558 et
1267 3522 1429 3559 tristitias

1482 3259 1707 3307 optimorum
1735 3260 1938 3308 operativa.
1970 3261 2047 3298 Sed
2074 3261 2287 3310 voluptates
2315 3270 2352 3298 et
2373 3262 2538 3300 tristitiae

1483 3320 1568 3348 sunt
1594 3312 1790 3360 passiones
1824 3314 2023 3361 quaedam,
2052 3322 2094 3351 ut
2121 3326 2235 3362 supra
2252 3314 2272 3336 ²¹²
2299 3314 2441 3352 dictum
2471 3324 2537 3353 est.

1483 3365 1584 3412 Ergo
1613 3365 1750 3402 eadem
1776 3365 1896 3403 virtus
1923 3378 2022 3414 quae
2051 3374 2106 3403 est
2134 3366 2231 3403 circa
2254 3367 2462 3415 passiones,
2484 3376 2539 3405 est

1483 3417 1596 3453 etiarn
1613 3417 1710 3454 circa
1730 3419 1980 3467 operationes,
2000 3426 2130 3468 utpote
2150 3419 2345 3468 operativa
2365 3420 2536 3459 existens.

1537 3482 1571 3507 2.
1592 3471 1824 3518 PRAETEREA,
1844 3471 2039 3520 passiones
2067 3479 2153 3508 sunt
2170 3471 2353 3521 principia
2382 3473 2538 3511 exterio-

1483 3535 1568 3559 rum
1597 3523 1874 3571 operationum.
1905 3524 1945 3561 Si
1973 3536 2061 3572 ergo
2092 3524 2237 3572 aliquae
2257 3524 2412 3562 virtutes
2432 3525 2537 3563 recti-

2565 631 2577 642 *
2592 631 2640 662 Ως.
2651 630 2736 658 dispp.,
2747 630 2777 652 de

2571 656 2662 683 Vzrtut„
2677 663 2716 684 qu.
2731 662 2748 678 1.

2566 684 2594 730 ἑὲ
2601 683 2743 730 {corpor-e,
2754 685 2776 703 et

2571 1508 2579 1517 ·
2595 1507 2630 1529 Cf.
2646 1513 2709 1530 num.
2724 1514 2765 1530 vu.

2570 1591 2779 1639 sP³1¹tf10¹2217’.3:·

2570 1679 2580 1689 ⁸
2587 1678 2636 1699 etus
2646 1678 2738 1699 omnino
2745 1680 2781 1699 est

2570 1704 2586 1725 P
2602 1708 2623 1726 ct
2639 1704 2674 1726 cd.
2690 1710 2742 1731 ¹514·

2570 2725 2580 2735 ⁸
2589 2724 2672 2746 Cf.Tit.
2679 2725 2778 2752 Livium,

2570 2750 2670 2778 Histor„
2684 2751 2739 2773 Dec.
2755 2751 2776 2777 1,

2570 2777 2610 2798 lib.
2619 2777 2637 2804 1,
2648 2783 2698 2805 cap.
2713 2783 2776 2799 cvm.

2565 3322 2576 3333 ⁶
2593 3322 2640 3349 Qu.
2655 3328 2719 3349 xxxx,
2734 3326 2776 3344 art.

2566 3352 2778 3376 13qu.xxxv,art.¹.
