<?xml version="1.0" encoding="UTF-8"?>
<!DOCTYPE html PUBLIC "-//W3C//DTD XHTML 1.0 Transitional//EN"
    "http://www.w3.org/TR/xhtml1/DTD/xhtml1-transitional.dtd">
<html xmlns="http://www.w3.org/1999/xhtml" xml:lang="en" lang="en">
 <head>
  <title>
</title>
<meta http-equiv="Content-Type" content="text/html;charset=utf-8" />
  <meta name='ocr-system' content='tesseract 3.04.00' />
  <meta name='ocr-capabilities' content='ocr_page ocr_carea ocr_par ocr_line ocrx_word'/>
</head>
<body>
  <div class='ocr_page' id='page_1' title='image "./operaomniaiussui06thom/operaomniaiussui06thom_0296.png"; bbox 0 0 2852 4152; ppageno 0'>
   <div class='ocr_carea' id='block_1_1' title="bbox 103 496 315 543">
    <p class='ocr_par' dir='ltr' id='par_1_1' title="bbox 103 496 315 543">
     <span class='ocr_line' id='line_1_1' title="bbox 103 496 315 543; baseline 0 0"><span class='ocrx_word' id='word_1_1' title='bbox 103 496 186 543; x_wconf 64' lang='lat' dir='ltr'>s.⁰†⁰ss.·</span> <span class='ocrx_word' id='word_1_2' title='bbox 195 501 252 543; x_wconf 62' lang='grc' dir='ltr'>ι’ἔεέ</span> <span class='ocrx_word' id='word_1_3' title='bbox 257 501 315 543; x_wconf 54' lang='lat' dir='ltr'>3153.ss</span> 
     </span>
    </p>
   </div>
   <div class='ocr_carea' id='block_1_2' title="bbox 101 2451 251 2479">
    <p class='ocr_par' dir='ltr' id='par_1_2' title="bbox 101 2451 251 2479">
     <span class='ocr_line' id='line_1_2' title="bbox 101 2451 251 2479; baseline 0 -6"><span class='ocrx_word' id='word_1_4' title='bbox 101 2453 112 2463; x_wconf 75' lang='lat'>&#39;⁴</span> <span class='ocrx_word' id='word_1_5' title='bbox 127 2451 184 2479; x_wconf 87' lang='lat' dir='ltr'>Cap.</span> <span class='ocrx_word' id='word_1_6' title='bbox 198 2458 251 2473; x_wconf 81' lang='lat' dir='ltr'>vin.</span> 
     </span>
    </p>
   </div>
   <div class='ocr_carea' id='block_1_3' title="bbox 103 2924 112 2932">
    <p class='ocr_par' dir='ltr' id='par_1_3' title="bbox 103 2924 112 2932">
     <span class='ocr_line' id='line_1_3' title="bbox 103 2924 112 2932; baseline 0 0"><span class='ocrx_word' id='word_1_7' title='bbox 103 2924 112 2932; x_wconf 65' lang='grc' dir='ltr'><strong><em>α</em></strong></span> 
     </span>
    </p>
   </div>
   <div class='ocr_carea' id='block_1_4' title="bbox 103 3141 120 3188">
    <p class='ocr_par' dir='ltr' id='par_1_4' title="bbox 103 3141 120 3188">
     <span class='ocr_line' id='line_1_4' title="bbox 103 3141 120 3188; baseline 0 0"><span class='ocrx_word' id='word_1_8' title='bbox 103 3141 120 3188; x_wconf 72' lang='grc' dir='ltr'>ὲ</span> 
     </span>
    </p>
   </div>
   <div class='ocr_carea' id='block_1_5' title="bbox 128 2922 313 2950">
    <p class='ocr_par' dir='ltr' id='par_1_5' title="bbox 128 2922 313 2950">
     <span class='ocr_line' id='line_1_5' title="bbox 128 2922 313 2950; baseline -0.005 -6"><span class='ocrx_word' id='word_1_9' title='bbox 128 2922 184 2950; x_wconf 89' lang='lat' dir='ltr'>Cap.</span> <span class='ocrx_word' id='word_1_10' title='bbox 199 2929 226 2948; x_wconf 89' lang='lat' dir='ltr'>v,</span> <span class='ocrx_word' id='word_1_11' title='bbox 241 2928 264 2943; x_wconf 89' lang='lat' dir='ltr'>n.</span> <span class='ocrx_word' id='word_1_12' title='bbox 281 2929 313 2949; x_wconf 82' lang='lat'>¹4·</span> 
     </span>
    </p>
   </div>
   <div class='ocr_carea' id='block_1_6' title="bbox 124 3138 315 3189">
    <p class='ocr_par' dir='ltr' id='par_1_6' title="bbox 124 3138 315 3189">
     <span class='ocr_line' id='line_1_6' title="bbox 124 3138 315 3166; baseline -0.005 -5"><span class='ocrx_word' id='word_1_13' title='bbox 124 3138 157 3161; x_wconf 77' lang='lat' dir='ltr'>Ca</span> <span class='ocrx_word' id='word_1_14' title='bbox 176 3154 181 3160; x_wconf 93' lang='lat'>.</span> <span class='ocrx_word' id='word_1_15' title='bbox 190 3145 222 3166; x_wconf 80' lang='lat' dir='ltr'>m,</span> <span class='ocrx_word' id='word_1_16' title='bbox 233 3145 255 3160; x_wconf 93' lang='lat' dir='ltr'>n.</span> <span class='ocrx_word' id='word_1_17' title='bbox 264 3145 296 3160; x_wconf 82' lang='grc' dir='ltr'>ιο.</span> <span class='ocrx_word' id='word_1_18' title='bbox 306 3150 315 3154; x_wconf 90' lang='grc'>-</span> 
     </span>
     <span class='ocr_line' id='line_1_7' title="bbox 125 3165 301 3189; baseline -0.011 -1"><span class='ocrx_word' id='word_1_19' title='bbox 125 3165 155 3189; x_wconf 84' lang='grc' dir='ltr'>,Τ</span> <span class='ocrx_word' id='word_1_20' title='bbox 173 3181 180 3188; x_wconf 88' lang='grc'><em>.</em></span> <span class='ocrx_word' id='word_1_21' title='bbox 195 3165 248 3187; x_wconf 86' lang='lat' dir='ltr'>lect.</span> <span class='ocrx_word' id='word_1_22' title='bbox 263 3171 301 3187; x_wconf 87' lang='lat' dir='ltr'>vn.</span> 
     </span>
    </p>
   </div>
   <div class='ocr_carea' id='block_1_7' title="bbox 201 3297 218 3312">
    <p class='ocr_par' dir='ltr' id='par_1_7' title="bbox 201 3297 218 3312">
     <span class='ocr_line' id='line_1_8' title="bbox 201 3297 218 3312; baseline 0 0"><span class='ocrx_word' id='word_1_23' title='bbox 201 3297 218 3312; x_wconf 79' lang='grc' dir='ltr'><strong>α</strong></span> 
     </span>
    </p>
   </div>
   <div class='ocr_carea' id='block_1_8' title="bbox 344 152 419 196">
    <p class='ocr_par' dir='ltr' id='par_1_8' title="bbox 344 152 419 196">
     <span class='ocr_line' id='line_1_9' title="bbox 344 152 419 196; baseline 0 -10"><span class='ocrx_word' id='word_1_24' title='bbox 344 152 419 196; x_wconf 87' lang='lat'>284</span> 
     </span>
    </p>
   </div>
   <div class='ocr_carea' id='block_1_9' title="bbox 342 229 1404 594">
    <p class='ocr_par' dir='ltr' id='par_1_9' title="bbox 342 229 1404 594">
     <span class='ocr_line' id='line_1_10' title="bbox 343 229 1402 277; baseline -0.002 -11"><span class='ocrx_word' id='word_1_25' title='bbox 343 229 448 266; x_wconf 88' lang='lat' dir='ltr'>modi</span> <span class='ocrx_word' id='word_1_26' title='bbox 477 229 612 266; x_wconf 91' lang='lat' dir='ltr'>timore</span> <span class='ocrx_word' id='word_1_27' title='bbox 646 242 723 266; x_wconf 90' lang='lat' dir='ltr'>non</span> <span class='ocrx_word' id='word_1_28' title='bbox 753 230 877 266; x_wconf 88' lang='lat' dir='ltr'>solum</span> <span class='ocrx_word' id='word_1_29' title='bbox 906 230 950 266; x_wconf 91' lang='lat' dir='ltr'>fit</span> <span class='ocrx_word' id='word_1_30' title='bbox 978 230 1184 266; x_wconf 91' lang='lat' dir='ltr'>contractio</span> <span class='ocrx_word' id='word_1_31' title='bbox 1225 241 1268 265; x_wconf 87' lang='lat' dir='ltr'>ex</span> <span class='ocrx_word' id='word_1_32' title='bbox 1296 237 1402 277; x_wconf 90' lang='lat' dir='ltr'>parte</span> 
     </span>
     <span class='ocr_line' id='line_1_11' title="bbox 343 280 1400 331; baseline -0.002 -13"><span class='ocrx_word' id='word_1_33' title='bbox 343 282 542 330; x_wconf 88' lang='lat' dir='ltr'>appetitus,</span> <span class='ocrx_word' id='word_1_34' title='bbox 563 282 631 319; x_wconf 89' lang='lat' dir='ltr'>sed</span> <span class='ocrx_word' id='word_1_35' title='bbox 661 282 773 319; x_wconf 86' lang='lat' dir='ltr'>etiam</span> <span class='ocrx_word' id='word_1_36' title='bbox 804 295 848 319; x_wconf 88' lang='lat' dir='ltr'>ex</span> <span class='ocrx_word' id='word_1_37' title='bbox 871 290 976 331; x_wconf 90' lang='lat' dir='ltr'>parte</span> <span class='ocrx_word' id='word_1_38' title='bbox 999 290 1154 318; x_wconf 87' lang='lat' dir='ltr'>naturae</span> <span class='ocrx_word' id='word_1_39' title='bbox 1175 280 1400 329; x_wconf 89' lang='lat' dir='ltr'>corporalis:</span> 
     </span>
     <span class='ocr_line' id='line_1_12' title="bbox 343 332 1404 384; baseline -0.002 -13"><span class='ocrx_word' id='word_1_40' title='bbox 343 336 395 371; x_wconf 89' lang='lat' dir='ltr'>sic</span> <span class='ocrx_word' id='word_1_41' title='bbox 416 335 517 371; x_wconf 90' lang='lat' dir='ltr'>enim</span> <span class='ocrx_word' id='word_1_42' title='bbox 539 335 750 384; x_wconf 86' lang='lat' dir='ltr'>disponitur</span> <span class='ocrx_word' id='word_1_43' title='bbox 763 334 902 382; x_wconf 81' lang='lat' dir='ltr'>animal</span> <span class='ocrx_word' id='word_1_44' title='bbox 921 347 967 371; x_wconf 84' lang='lat' dir='ltr'>ex</span> <span class='ocrx_word' id='word_1_45' title='bbox 986 333 1257 382; x_wconf 77' lang='lat' dir='ltr'>imaginatione</span> <span class='ocrx_word' id='word_1_46' title='bbox 1271 332 1404 370; x_wconf 90' lang='lat' dir='ltr'>mortis</span> 
     </span>
     <span class='ocr_line' id='line_1_13' title="bbox 343 386 1404 434; baseline -0.003 -10"><span class='ocrx_word' id='word_1_47' title='bbox 343 388 569 424; x_wconf 88' lang='lat' dir='ltr'>contrahens</span> <span class='ocrx_word' id='word_1_48' title='bbox 586 389 751 424; x_wconf 90' lang='lat' dir='ltr'>calorem</span> <span class='ocrx_word' id='word_1_49' title='bbox 772 388 820 424; x_wconf 92' lang='lat' dir='ltr'>ad</span> <span class='ocrx_word' id='word_1_50' title='bbox 840 388 1028 434; x_wconf 85' lang='lat' dir='ltr'>interiora,</span> <span class='ocrx_word' id='word_1_51' title='bbox 1050 387 1144 423; x_wconf 92' lang='lat' dir='ltr'>sicut</span> <span class='ocrx_word' id='word_1_52' title='bbox 1164 386 1318 433; x_wconf 91' lang='lat' dir='ltr'>quando</span> <span class='ocrx_word' id='word_1_53' title='bbox 1339 397 1404 421; x_wconf 92' lang='lat' dir='ltr'>na-</span> 
     </span>
     <span class='ocr_line' id='line_1_14' title="bbox 342 438 1404 485; baseline -0.003 -9"><span class='ocrx_word' id='word_1_54' title='bbox 342 440 508 477; x_wconf 90' lang='lat' dir='ltr'>turaliter</span> <span class='ocrx_word' id='word_1_55' title='bbox 527 453 630 477; x_wconf 90' lang='lat' dir='ltr'>mors</span> <span class='ocrx_word' id='word_1_56' title='bbox 656 441 838 477; x_wconf 87' lang='lat' dir='ltr'>imminet.</span> <span class='ocrx_word' id='word_1_57' title='bbox 861 441 908 476; x_wconf 91' lang='lat' dir='ltr'>Et</span> <span class='ocrx_word' id='word_1_58' title='bbox 928 440 1016 476; x_wconf 85' lang='lat' dir='ltr'>inde</span> <span class='ocrx_word' id='word_1_59' title='bbox 1037 447 1093 476; x_wconf 91' lang='lat' dir='ltr'>est</span> <span class='ocrx_word' id='word_1_60' title='bbox 1113 438 1218 485; x_wconf 87' lang='lat' dir='ltr'>quod</span> <span class='ocrx_word' id='word_1_61' title='bbox 1237 438 1404 474; x_wconf 88' lang='lat' dir='ltr'>timentes</span> 
     </span>
     <span class='ocr_line' id='line_1_15' title="bbox 342 489 1403 541; baseline -0.005 -11"><span class='ocrx_word' id='word_1_62' title='bbox 342 499 500 541; x_wconf 87' lang='lat' dir='ltr'>mortem</span> <span class='ocrx_word' id='word_1_63' title='bbox 523 494 743 541; x_wconf 82' lang='lat' dir='ltr'>pallescunt,</span> <span class='ocrx_word' id='word_1_64' title='bbox 765 500 805 529; x_wconf 90' lang='lat' dir='ltr'>ut</span> <span class='ocrx_word' id='word_1_65' title='bbox 824 492 958 529; x_wconf 90' lang='lat' dir='ltr'>dicitur</span> <span class='ocrx_word' id='word_1_66' title='bbox 977 492 1015 528; x_wconf 89' lang='lat' dir='ltr'>in</span> <span class='ocrx_word' id='word_1_67' title='bbox 1041 492 1091 528; x_wconf 93' lang='lat' dir='ltr'>IV</span> <span class='ocrx_word' id='word_1_68' title='bbox 1110 490 1229 526; x_wconf 80' lang='lat' dir='ltr'>Ethic.</span> <span class='ocrx_word' id='word_1_69' title='bbox 1250 489 1270 511; x_wconf 75' lang='lat'>&#39;¹‘</span> <span class='ocrx_word' id='word_1_70' title='bbox 1285 511 1307 516; x_wconf 97' lang='lat'><em>-</em></span> <span class='ocrx_word' id='word_1_71' title='bbox 1326 490 1403 526; x_wconf 89' lang='lat' dir='ltr'>Sed</span> 
     </span>
     <span class='ocr_line' id='line_1_16' title="bbox 343 542 1404 594; baseline -0.004 -12"><span class='ocrx_word' id='word_1_72' title='bbox 343 547 488 582; x_wconf 90' lang='lat' dir='ltr'>malum</span> <span class='ocrx_word' id='word_1_73' title='bbox 521 546 626 594; x_wconf 92' lang='lat' dir='ltr'>quod</span> <span class='ocrx_word' id='word_1_74' title='bbox 663 546 769 582; x_wconf 89' lang='lat' dir='ltr'>timet</span> <span class='ocrx_word' id='word_1_75' title='bbox 800 543 1050 590; x_wconf 86' lang='lat' dir='ltr'>verecundia,</span> <span class='ocrx_word' id='word_1_76' title='bbox 1081 555 1160 579; x_wconf 90' lang='lat' dir='ltr'>non</span> <span class='ocrx_word' id='word_1_77' title='bbox 1197 542 1404 590; x_wconf 87' lang='lat' dir='ltr'>opponitur</span> 
     </span>
    </p>
   </div>
   <div class='ocr_carea' id='block_1_10' title="bbox 394 667 823 701">
    <p class='ocr_par' dir='ltr' id='par_1_10' title="bbox 394 667 823 701">
     <span class='ocr_line' id='line_1_17' title="bbox 394 667 823 701; baseline -0.007 -8"><span class='ocrx_word' id='word_1_78' title='bbox 394 668 419 701; x_wconf 78' lang='grc' dir='ltr'>δ)</span> <span class='ocrx_word' id='word_1_79' title='bbox 439 669 553 701; x_wconf 80' lang='lat' dir='ltr'>quidem.</span> <span class='ocrx_word' id='word_1_80' title='bbox 572 682 589 687; x_wconf 89' lang='lat'>-</span> <span class='ocrx_word' id='word_1_81' title='bbox 608 669 736 700; x_wconf 79' lang='lat' dir='ltr'>quaedam</span> <span class='ocrx_word' id='word_1_82' title='bbox 757 667 823 691; x_wconf 75' lang='lat' dir='ltr'>PFa.</span> 
     </span>
    </p>
   </div>
   <div class='ocr_carea' id='block_1_11' title="bbox 1019 143 1840 198">
    <p class='ocr_par' dir='ltr' id='par_1_11' title="bbox 1019 143 1840 198">
     <span class='ocr_line' id='line_1_18' title="bbox 1019 143 1840 198; baseline -0.001 -10"><span class='ocrx_word' id='word_1_83' title='bbox 1019 143 1285 198; x_wconf 81' lang='lat' dir='ltr'><strong>QUAEST&#39;IO</strong></span> <span class='ocrx_word' id='word_1_84' title='bbox 1316 151 1452 198; x_wconf 79' lang='lat' dir='ltr'>XLIV,</span> <span class='ocrx_word' id='word_1_85' title='bbox 1483 151 1779 188; x_wconf 84' lang='lat' dir='ltr'>ARTICULUS</span> <span class='ocrx_word' id='word_1_86' title='bbox 1810 152 1840 188; x_wconf 91' lang='lat'>11</span> 
     </span>
    </p>
   </div>
   <div class='ocr_carea' id='block_1_12' title="bbox 1458 229 2519 488">
    <p class='ocr_par' dir='ltr' id='par_1_12' title="bbox 1458 229 2519 488">
     <span class='ocr_line' id='line_1_19' title="bbox 1459 229 2518 279; baseline 0.004 -15"><span class='ocrx_word' id='word_1_87' title='bbox 1459 236 1626 276; x_wconf 87' lang='lat' dir='ltr'>naturae,</span> <span class='ocrx_word' id='word_1_88' title='bbox 1654 229 1725 273; x_wconf 78' lang='lat' dir='ltr'>sed</span> <span class='ocrx_word' id='word_1_89' title='bbox 1753 230 1878 266; x_wconf 92' lang='lat' dir='ltr'>solum</span> <span class='ocrx_word' id='word_1_90' title='bbox 1907 230 2086 279; x_wconf 92' lang='lat' dir='ltr'>appetitui</span> <span class='ocrx_word' id='word_1_91' title='bbox 2107 231 2269 268; x_wconf 88' lang='lat' dir='ltr'>animali.</span> <span class='ocrx_word' id='word_1_92' title='bbox 2301 232 2350 267; x_wconf 92' lang='lat' dir='ltr'>Et</span> <span class='ocrx_word' id='word_1_93' title='bbox 2369 231 2454 269; x_wconf 91' lang='lat' dir='ltr'>ideo</span> <span class='ocrx_word' id='word_1_94' title='bbox 2475 232 2518 269; x_wconf 89' lang='lat' dir='ltr'>fit</span> 
     </span>
     <span class='ocr_line' id='line_1_20' title="bbox 1459 279 2519 333; baseline 0.004 -16"><span class='ocrx_word' id='word_1_95' title='bbox 1459 281 1615 328; x_wconf 90' lang='lat' dir='ltr'>quidem</span> <span class='ocrx_word' id='word_1_96' title='bbox 1642 279 1655 302; x_wconf 65' lang='grc' dir='ltr'>δ</span> <span class='ocrx_word' id='word_1_97' title='bbox 1680 281 1884 318; x_wconf 89' lang='lat' dir='ltr'>contractio</span> <span class='ocrx_word' id='word_1_98' title='bbox 1905 283 2116 321; x_wconf 90' lang='lat' dir='ltr'>secundum</span> <span class='ocrx_word' id='word_1_99' title='bbox 2137 283 2345 333; x_wconf 89' lang='lat' dir='ltr'>appetitum</span> <span class='ocrx_word' id='word_1_100' title='bbox 2375 285 2519 321; x_wconf 89' lang='lat' dir='ltr'>anima-</span> 
     </span>
     <span class='ocr_line' id='line_1_21' title="bbox 1458 332 2515 385; baseline 0.003 -15"><span class='ocrx_word' id='word_1_101' title='bbox 1458 332 1546 380; x_wconf 85' lang='lat' dir='ltr'>lem,</span> <span class='ocrx_word' id='word_1_102' title='bbox 1568 345 1647 370; x_wconf 89' lang='lat' dir='ltr'>non</span> <span class='ocrx_word' id='word_1_103' title='bbox 1675 341 1804 381; x_wconf 85' lang='lat' dir='ltr'>autem</span> <span class='ocrx_word' id='word_1_104' title='bbox 1824 332 2230 383; x_wconf 47' lang='lat' dir='ltr'>secastiglim&#39;naturam</span> <span class='ocrx_word' id='word_1_105' title='bbox 2255 338 2515 385; x_wconf 87' lang='lat' dir='ltr'>corporalem:</span> 
     </span>
     <span class='ocr_line' id='line_1_22' title="bbox 1459 385 2518 436; baseline 0.005 -15"><span class='ocrx_word' id='word_1_106' title='bbox 1459 386 1527 422; x_wconf 90' lang='lat' dir='ltr'>sed</span> <span class='ocrx_word' id='word_1_107' title='bbox 1559 385 1678 433; x_wconf 89' lang='lat' dir='ltr'>magis</span> <span class='ocrx_word' id='word_1_108' title='bbox 1713 385 1860 433; x_wconf 89' lang='lat' dir='ltr'>anima,</span> <span class='ocrx_word' id='word_1_109' title='bbox 1891 387 1997 436; x_wconf 89' lang='lat' dir='ltr'>quasi</span> <span class='ocrx_word' id='word_1_110' title='bbox 2025 387 2063 425; x_wconf 95' lang='lat' dir='ltr'>in</span> <span class='ocrx_word' id='word_1_111' title='bbox 2096 401 2135 426; x_wconf 92' lang='lat' dir='ltr'>se</span> <span class='ocrx_word' id='word_1_112' title='bbox 2166 397 2377 436; x_wconf 89' lang='lat' dir='ltr'>contracta,</span> <span class='ocrx_word' id='word_1_113' title='bbox 2406 397 2518 426; x_wconf 89' lang='lat' dir='ltr'>vacat</span> 
     </span>
     <span class='ocr_line' id='line_1_23' title="bbox 1459 438 2514 488; baseline 0.006 -15"><span class='ocrx_word' id='word_1_114' title='bbox 1459 438 1509 474; x_wconf 90' lang='lat' dir='ltr'>ad</span> <span class='ocrx_word' id='word_1_115' title='bbox 1528 438 1740 475; x_wconf 89' lang='lat' dir='ltr'>motionem</span> <span class='ocrx_word' id='word_1_116' title='bbox 1760 438 1959 486; x_wconf 86' lang='lat' dir='ltr'>spirituum</span> <span class='ocrx_word' id='word_1_117' title='bbox 1980 448 2015 477; x_wconf 90' lang='lat' dir='ltr'>et</span> <span class='ocrx_word' id='word_1_118' title='bbox 2036 442 2181 488; x_wconf 89' lang='lat' dir='ltr'>caloris,</span> <span class='ocrx_word' id='word_1_119' title='bbox 2199 442 2300 479; x_wconf 91' lang='lat' dir='ltr'>unde</span> <span class='ocrx_word' id='word_1_120' title='bbox 2320 442 2363 478; x_wconf 92' lang='lat' dir='ltr'>fit</span> <span class='ocrx_word' id='word_1_121' title='bbox 2382 454 2514 478; x_wconf 91' lang='lat' dir='ltr'>eorum</span> 
     </span>
    </p>
   </div>
   <div class='ocr_carea' id='block_1_13' title="bbox 1460 490 2518 580">
    <p class='ocr_par' dir='ltr' id='par_1_13' title="bbox 1460 490 2518 580">
     <span class='ocr_line' id='line_1_24' title="bbox 1460 490 2518 578; baseline 0.005 -52"><span class='ocrx_word' id='word_1_122' title='bbox 1460 490 1611 578; x_wconf 51' lang='lat' dir='ltr'>diffusio</span> <span class='ocrx_word' id='word_1_123' title='bbox 1633 490 1681 527; x_wconf 91' lang='lat' dir='ltr'>ad</span> <span class='ocrx_word' id='word_1_124' title='bbox 1711 491 1904 529; x_wconf 86' lang='lat' dir='ltr'>exteriora.</span> <span class='ocrx_word' id='word_1_125' title='bbox 1926 493 1975 529; x_wconf 91' lang='lat' dir='ltr'>Et</span> <span class='ocrx_word' id='word_1_126' title='bbox 1992 502 2147 542; x_wconf 89' lang='lat' dir='ltr'>propter</span> <span class='ocrx_word' id='word_1_127' title='bbox 2166 495 2251 542; x_wconf 90' lang='lat' dir='ltr'>hoc,</span> <span class='ocrx_word' id='word_1_128' title='bbox 2273 494 2518 532; x_wconf 86' lang='lat' dir='ltr'>verecundati</span> 
     </span>
     <span class='ocr_line' id='line_1_25' title="bbox 1460 550 1673 580; baseline 0.005 -1"><span class='ocrx_word' id='word_1_129' title='bbox 1460 555 1502 579; x_wconf 92' lang='lat' dir='ltr'>ru</span> <span class='ocrx_word' id='word_1_130' title='bbox 1533 550 1673 580; x_wconf 90' lang='lat' dir='ltr'>escunt.</span> 
     </span>
    </p>
   </div>
   <div class='ocr_carea' id='block_1_14' title="bbox 1017 743 1844 778">
    <p class='ocr_par' dir='ltr' id='par_1_14' title="bbox 1017 743 1844 778">
     <span class='ocr_line' id='line_1_26' title="bbox 1017 743 1844 778; baseline 0.002 -2"><span class='ocrx_word' id='word_1_131' title='bbox 1017 743 1348 776; x_wconf 66' lang='lat' dir='ltr'>Commentafia</span> <span class='ocrx_word' id='word_1_132' title='bbox 1371 743 1622 776; x_wconf 70' lang='lat' dir='ltr'>Car-clinans</span> <span class='ocrx_word' id='word_1_133' title='bbox 1644 744 1844 778; x_wconf 67' lang='lat' dir='ltr'>Caietam</span> 
     </span>
    </p>
   </div>
   <div class='ocr_carea' id='block_1_15' title="bbox 339 832 1408 1534">
    <p class='ocr_par' dir='ltr' id='par_1_15' title="bbox 339 832 1404 1260">
     <span class='ocr_line' id='line_1_27' title="bbox 371 832 1402 875; baseline -0.003 -10"><span class='ocrx_word' id='word_1_134' title='bbox 371 846 391 866; x_wconf 81' lang='lat' dir='ltr'>N</span> <span class='ocrx_word' id='word_1_135' title='bbox 415 835 518 875; x_wconf 87' lang='lat' dir='ltr'>primo</span> <span class='ocrx_word' id='word_1_136' title='bbox 548 834 678 864; x_wconf 88' lang='lat' dir='ltr'>articulo</span> <span class='ocrx_word' id='word_1_137' title='bbox 708 832 900 873; x_wconf 87' lang='lat' dir='ltr'>quaestionis</span> <span class='ocrx_word' id='word_1_138' title='bbox 933 832 1321 873; x_wconf 80' lang='lat' dir='ltr'>quadragesimaequartae</span> <span class='ocrx_word' id='word_1_139' title='bbox 1345 832 1402 862; x_wconf 92' lang='lat' dir='ltr'>du-</span> 
     </span>
     <span class='ocr_line' id='line_1_28' title="bbox 345 848 1403 917; baseline -0.001 -10"><span class='ocrx_word' id='word_1_140' title='bbox 345 848 461 909; x_wconf 84' lang='lat' dir='ltr'>Ibium</span> <span class='ocrx_word' id='word_1_141' title='bbox 486 878 628 913; x_wconf 84' lang='lat' dir='ltr'>occurrit,</span> <span class='ocrx_word' id='word_1_142' title='bbox 651 887 688 906; x_wconf 90' lang='lat' dir='ltr'>eo</span> <span class='ocrx_word' id='word_1_143' title='bbox 710 877 799 917; x_wconf 91' lang='lat' dir='ltr'>quod</span> <span class='ocrx_word' id='word_1_144' title='bbox 814 877 980 916; x_wconf 87' lang='lat' dir='ltr'>responsio</span> <span class='ocrx_word' id='word_1_145' title='bbox 996 877 1036 906; x_wconf 85' lang='lat' dir='ltr'>ad</span> <span class='ocrx_word' id='word_1_146' title='bbox 1051 876 1179 907; x_wconf 87' lang='lat' dir='ltr'>tertium</span> <span class='ocrx_word' id='word_1_147' title='bbox 1195 876 1403 907; x_wconf 80' lang='lat' dir='ltr'>contrariatur</span> 
     </span>
     <span class='ocr_line' id='line_1_29' title="bbox 342 920 1403 962; baseline -0.003 -9"><span class='ocrx_word' id='word_1_148' title='bbox 342 922 466 962; x_wconf 85' lang='lat' dir='ltr'>corpori</span> <span class='ocrx_word' id='word_1_149' title='bbox 490 921 621 956; x_wconf 88' lang='lat' dir='ltr'>articuli,</span> <span class='ocrx_word' id='word_1_150' title='bbox 646 928 676 950; x_wconf 87' lang='lat' dir='ltr'>et</span> <span class='ocrx_word' id='word_1_151' title='bbox 695 920 862 950; x_wconf 81' lang='lat' dir='ltr'>universali</span> <span class='ocrx_word' id='word_1_152' title='bbox 879 921 1040 951; x_wconf 84' lang='lat' dir='ltr'>doctrinae</span> <span class='ocrx_word' id='word_1_153' title='bbox 1056 920 1094 951; x_wconf 92' lang='lat' dir='ltr'>de</span> <span class='ocrx_word' id='word_1_154' title='bbox 1111 920 1318 951; x_wconf 84' lang='lat' dir='ltr'>consonantia</span> <span class='ocrx_word' id='word_1_155' title='bbox 1334 930 1403 950; x_wconf 91' lang='lat' dir='ltr'>mo-</span> 
     </span>
     <span class='ocr_line' id='line_1_30' title="bbox 342 963 1403 1006; baseline -0.002 -10"><span class='ocrx_word' id='word_1_156' title='bbox 342 974 391 997; x_wconf 90' lang='lat' dir='ltr'>tus</span> <span class='ocrx_word' id='word_1_157' title='bbox 416 965 587 1006; x_wconf 83' lang='lat' dir='ltr'>corporalis</span> <span class='ocrx_word' id='word_1_158' title='bbox 611 971 641 995; x_wconf 88' lang='lat' dir='ltr'>et</span> <span class='ocrx_word' id='word_1_159' title='bbox 664 971 771 994; x_wconf 89' lang='lat' dir='ltr'>motus</span> <span class='ocrx_word' id='word_1_160' title='bbox 795 964 939 995; x_wconf 85' lang='lat' dir='ltr'>animalis</span> <span class='ocrx_word' id='word_1_161' title='bbox 959 965 992 995; x_wconf 89' lang='lat' dir='ltr'>in</span> <span class='ocrx_word' id='word_1_162' title='bbox 1015 963 1226 1004; x_wconf 82' lang='lat' dir='ltr'>passionibus.</span> <span class='ocrx_word' id='word_1_163' title='bbox 1251 965 1334 994; x_wconf 84' lang='lat' dir='ltr'>Nam</span> <span class='ocrx_word' id='word_1_164' title='bbox 1356 974 1403 994; x_wconf 92' lang='lat' dir='ltr'>se-</span> 
     </span>
     <span class='ocr_line' id='line_1_31' title="bbox 342 1008 1404 1048; baseline -0.001 -8"><span class='ocrx_word' id='word_1_165' title='bbox 342 1010 482 1040; x_wconf 92' lang='lat' dir='ltr'>cundum</span> <span class='ocrx_word' id='word_1_166' title='bbox 502 1008 712 1038; x_wconf 85' lang='lat' dir='ltr'>universalem</span> <span class='ocrx_word' id='word_1_167' title='bbox 736 1008 913 1039; x_wconf 84' lang='lat' dir='ltr'>doctrinam</span> <span class='ocrx_word' id='word_1_168' title='bbox 936 1009 968 1038; x_wconf 94' lang='lat' dir='ltr'>in</span> <span class='ocrx_word' id='word_1_169' title='bbox 993 1018 1125 1048; x_wconf 91' lang='lat' dir='ltr'>corpore</span> <span class='ocrx_word' id='word_1_170' title='bbox 1149 1008 1304 1043; x_wconf 77' lang='lat' dir='ltr'>traditam,</span> <span class='ocrx_word' id='word_1_171' title='bbox 1323 1008 1404 1039; x_wconf 90' lang='lat' dir='ltr'>sicut</span> 
     </span>
     <span class='ocr_line' id='line_1_32' title="bbox 339 1051 1404 1091; baseline -0.002 -7"><span class='ocrx_word' id='word_1_172' title='bbox 339 1055 436 1084; x_wconf 88' lang='lat' dir='ltr'>timor</span> <span class='ocrx_word' id='word_1_173' title='bbox 458 1052 600 1091; x_wconf 85' lang='lat' dir='ltr'>consistit</span> <span class='ocrx_word' id='word_1_174' title='bbox 622 1052 655 1082; x_wconf 93' lang='lat' dir='ltr'>in</span> <span class='ocrx_word' id='word_1_175' title='bbox 679 1052 893 1083; x_wconf 81' lang='lat' dir='ltr'>contractione</span> <span class='ocrx_word' id='word_1_176' title='bbox 917 1052 1024 1089; x_wconf 85' lang='lat' dir='ltr'>animi,</span> <span class='ocrx_word' id='word_1_177' title='bbox 1049 1052 1091 1083; x_wconf 87' lang='lat' dir='ltr'>ita</span> <span class='ocrx_word' id='word_1_178' title='bbox 1114 1051 1335 1083; x_wconf 78' lang='lat' dir='ltr'>transmutatio</span> <span class='ocrx_word' id='word_1_179' title='bbox 1359 1051 1404 1082; x_wconf 88' lang='lat' dir='ltr'>illi</span> 
     </span>
     <span class='ocr_line' id='line_1_33' title="bbox 340 1095 1404 1136; baseline -0.002 -8"><span class='ocrx_word' id='word_1_180' title='bbox 340 1098 428 1128; x_wconf 89' lang='lat' dir='ltr'>unita</span> <span class='ocrx_word' id='word_1_181' title='bbox 450 1097 484 1127; x_wconf 90' lang='lat' dir='ltr'>in</span> <span class='ocrx_word' id='word_1_182' title='bbox 507 1096 722 1127; x_wconf 86' lang='lat' dir='ltr'>contractione</span> <span class='ocrx_word' id='word_1_183' title='bbox 745 1096 858 1127; x_wconf 90' lang='lat' dir='ltr'>caloris</span> <span class='ocrx_word' id='word_1_184' title='bbox 874 1103 904 1127; x_wconf 90' lang='lat' dir='ltr'>et</span> <span class='ocrx_word' id='word_1_185' title='bbox 920 1096 1099 1136; x_wconf 87' lang='lat' dir='ltr'>spirituum.</span> <span class='ocrx_word' id='word_1_186' title='bbox 1123 1097 1165 1126; x_wconf 89' lang='lat' dir='ltr'>Et</span> <span class='ocrx_word' id='word_1_187' title='bbox 1187 1095 1342 1127; x_wconf 86' lang='lat' dir='ltr'>tamenin</span> <span class='ocrx_word' id='word_1_188' title='bbox 1357 1105 1404 1126; x_wconf 80' lang='lat' dir='ltr'>re—</span> 
     </span>
     <span class='ocr_line' id='line_1_34' title="bbox 341 1140 1404 1182; baseline -0.001 -11"><span class='ocrx_word' id='word_1_189' title='bbox 341 1141 514 1182; x_wconf 87' lang='lat' dir='ltr'>sponsione</span> <span class='ocrx_word' id='word_1_190' title='bbox 538 1141 578 1171; x_wconf 87' lang='lat' dir='ltr'>ad</span> <span class='ocrx_word' id='word_1_191' title='bbox 601 1141 729 1171; x_wconf 86' lang='lat' dir='ltr'>tertium</span> <span class='ocrx_word' id='word_1_192' title='bbox 751 1140 866 1171; x_wconf 86' lang='lat' dir='ltr'>dicitur</span> <span class='ocrx_word' id='word_1_193' title='bbox 888 1141 978 1181; x_wconf 90' lang='lat' dir='ltr'>quod</span> <span class='ocrx_word' id='word_1_194' title='bbox 1000 1140 1034 1170; x_wconf 93' lang='lat' dir='ltr'>in</span> <span class='ocrx_word' id='word_1_195' title='bbox 1057 1140 1247 1171; x_wconf 84' lang='lat' dir='ltr'>verecundia</span> <span class='ocrx_word' id='word_1_196' title='bbox 1268 1146 1315 1170; x_wconf 89' lang='lat' dir='ltr'>est</span> <span class='ocrx_word' id='word_1_197' title='bbox 1330 1149 1404 1178; x_wconf 85' lang='lat' dir='ltr'>con-</span> 
     </span>
     <span class='ocr_line' id='line_1_35' title="bbox 340 1184 1403 1225; baseline -0.002 -9"><span class='ocrx_word' id='word_1_198' title='bbox 340 1185 450 1216; x_wconf 88' lang='lat' dir='ltr'>tractio</span> <span class='ocrx_word' id='word_1_199' title='bbox 474 1185 586 1221; x_wconf 85' lang='lat' dir='ltr'>animi,</span> <span class='ocrx_word' id='word_1_200' title='bbox 611 1185 666 1215; x_wconf 89' lang='lat' dir='ltr'>sed</span> <span class='ocrx_word' id='word_1_201' title='bbox 684 1195 751 1215; x_wconf 90' lang='lat' dir='ltr'>non</span> <span class='ocrx_word' id='word_1_202' title='bbox 770 1191 900 1215; x_wconf 81' lang='lat' dir='ltr'>naturae</span> <span class='ocrx_word' id='word_1_203' title='bbox 925 1185 1106 1225; x_wconf 83' lang='lat' dir='ltr'>corporalis.</span> <span class='ocrx_word' id='word_1_204' title='bbox 1130 1184 1205 1215; x_wconf 87' lang='lat' dir='ltr'>Hoc</span> <span class='ocrx_word' id='word_1_205' title='bbox 1228 1184 1314 1214; x_wconf 89' lang='lat' dir='ltr'>enim</span> <span class='ocrx_word' id='word_1_206' title='bbox 1336 1194 1403 1215; x_wconf 88' lang='lat' dir='ltr'>non</span> 
     </span>
     <span class='ocr_line' id='line_1_36' title="bbox 341 1227 1054 1260; baseline -0.003 0"><span class='ocrx_word' id='word_1_207' title='bbox 341 1236 400 1260; x_wconf 91' lang='lat' dir='ltr'>stat</span> <span class='ocrx_word' id='word_1_208' title='bbox 423 1239 498 1260; x_wconf 86' lang='lat' dir='ltr'>cum</span> <span class='ocrx_word' id='word_1_209' title='bbox 521 1227 752 1259; x_wconf 87' lang='lat' dir='ltr'>universalitate</span> <span class='ocrx_word' id='word_1_210' title='bbox 775 1227 860 1260; x_wconf 91' lang='lat' dir='ltr'>illius</span> <span class='ocrx_word' id='word_1_211' title='bbox 885 1228 1054 1259; x_wconf 82' lang='lat' dir='ltr'>doctrinae.</span> 
     </span>
    </p>

    <p class='ocr_par' dir='ltr' id='par_1_16' title="bbox 340 1271 1408 1534">
     <span class='ocr_line' id='line_1_37' title="bbox 398 1271 1404 1313; baseline -0.001 -10"><span class='ocrx_word' id='word_1_212' title='bbox 398 1273 449 1303; x_wconf 93' lang='lat' dir='ltr'>Ad</span> <span class='ocrx_word' id='word_1_213' title='bbox 472 1273 533 1304; x_wconf 92' lang='lat' dir='ltr'>hoc</span> <span class='ocrx_word' id='word_1_214' title='bbox 563 1273 676 1303; x_wconf 91' lang='lat' dir='ltr'>dicitur</span> <span class='ocrx_word' id='word_1_215' title='bbox 702 1273 791 1313; x_wconf 92' lang='lat' dir='ltr'>quod</span> <span class='ocrx_word' id='word_1_216' title='bbox 814 1272 847 1302; x_wconf 88' lang='lat' dir='ltr'>in</span> <span class='ocrx_word' id='word_1_217' title='bbox 870 1271 1058 1303; x_wconf 86' lang='lat' dir='ltr'>huiusmodi</span> <span class='ocrx_word' id='word_1_218' title='bbox 1088 1271 1290 1312; x_wconf 86' lang='lat' dir='ltr'>passionibus</span> <span class='ocrx_word' id='word_1_219' title='bbox 1319 1271 1404 1303; x_wconf 89' lang='lat' dir='ltr'>inve-</span> 
     </span>
     <span class='ocr_line' id='line_1_38' title="bbox 340 1316 1404 1357; baseline -0.001 -10"><span class='ocrx_word' id='word_1_220' title='bbox 340 1317 471 1347; x_wconf 89' lang='lat' dir='ltr'>niuntur</span> <span class='ocrx_word' id='word_1_221' title='bbox 495 1317 559 1347; x_wconf 91' lang='lat' dir='ltr'>duo</span> <span class='ocrx_word' id='word_1_222' title='bbox 575 1323 683 1348; x_wconf 88' lang='lat' dir='ltr'>motus</span> <span class='ocrx_word' id='word_1_223' title='bbox 707 1316 901 1356; x_wconf 82' lang='lat' dir='ltr'>corporales:</span> <span class='ocrx_word' id='word_1_224' title='bbox 927 1317 1116 1357; x_wconf 62' lang='lat' dir='ltr'>primus‚›ab</span> <span class='ocrx_word' id='word_1_225' title='bbox 1136 1323 1221 1347; x_wconf 84' lang='lat' dir='ltr'>extra</span> <span class='ocrx_word' id='word_1_226' title='bbox 1240 1317 1280 1346; x_wconf 79' lang='lat' dir='ltr'>ad</span> <span class='ocrx_word' id='word_1_227' title='bbox 1302 1316 1404 1353; x_wconf 81' lang='lat' dir='ltr'>intus;</span> 
     </span>
     <span class='ocr_line' id='line_1_39' title="bbox 341 1359 1405 1401; baseline -0.001 -9"><span class='ocrx_word' id='word_1_228' title='bbox 341 1361 511 1397; x_wconf 85' lang='lat' dir='ltr'>secundus,</span> <span class='ocrx_word' id='word_1_229' title='bbox 541 1361 578 1391; x_wconf 80' lang='lat' dir='ltr'>ab</span> <span class='ocrx_word' id='word_1_230' title='bbox 602 1361 688 1391; x_wconf 87' lang='lat' dir='ltr'>intus</span> <span class='ocrx_word' id='word_1_231' title='bbox 710 1361 751 1391; x_wconf 89' lang='lat' dir='ltr'>ad</span> <span class='ocrx_word' id='word_1_232' title='bbox 771 1360 922 1391; x_wconf 84' lang='lat' dir='ltr'>inferiora</span> <span class='ocrx_word' id='word_1_233' title='bbox 949 1361 999 1392; x_wconf 83' lang='lat' dir='ltr'>vel</span> <span class='ocrx_word' id='word_1_234' title='bbox 1022 1359 1196 1400; x_wconf 80' lang='lat' dir='ltr'>superiora.</span> <span class='ocrx_word' id='word_1_235' title='bbox 1218 1360 1261 1391; x_wconf 87' lang='lat' dir='ltr'>Et</span> <span class='ocrx_word' id='word_1_236' title='bbox 1283 1361 1405 1401; x_wconf 86' lang='lat' dir='ltr'>primus</span> 
     </span>
     <span class='ocr_line' id='line_1_40' title="bbox 340 1404 1408 1446; baseline -0.001 -10"><span class='ocrx_word' id='word_1_237' title='bbox 340 1405 471 1446; x_wconf 88' lang='lat' dir='ltr'>quidem</span> <span class='ocrx_word' id='word_1_238' title='bbox 499 1411 546 1436; x_wconf 89' lang='lat' dir='ltr'>est</span> <span class='ocrx_word' id='word_1_239' title='bbox 567 1405 620 1436; x_wconf 87' lang='lat' dir='ltr'>ille</span> <span class='ocrx_word' id='word_1_240' title='bbox 651 1411 759 1436; x_wconf 88' lang='lat' dir='ltr'>motus</span> <span class='ocrx_word' id='word_1_241' title='bbox 782 1405 840 1446; x_wconf 89' lang='lat' dir='ltr'>qui</span> <span class='ocrx_word' id='word_1_242' title='bbox 868 1411 904 1437; x_wconf 88' lang='lat' dir='ltr'>ut</span> <span class='ocrx_word' id='word_1_243' title='bbox 927 1405 1058 1436; x_wconf 73' lang='lat' dir='ltr'>materia</span> <span class='ocrx_word' id='word_1_244' title='bbox 1087 1411 1134 1435; x_wconf 86' lang='lat' dir='ltr'>est</span> <span class='ocrx_word' id='word_1_245' title='bbox 1162 1404 1337 1445; x_wconf 81' lang='lat' dir='ltr'>passionis:</span> <span class='ocrx_word' id='word_1_246' title='bbox 1363 1414 1408 1436; x_wconf 86' lang='lat' dir='ltr'>se-</span> 
     </span>
     <span class='ocr_line' id='line_1_41' title="bbox 341 1448 1406 1489; baseline -0.001 -9"><span class='ocrx_word' id='word_1_247' title='bbox 341 1450 464 1480; x_wconf 91' lang='lat' dir='ltr'>cundus</span> <span class='ocrx_word' id='word_1_248' title='bbox 487 1460 562 1480; x_wconf 90' lang='lat' dir='ltr'>vero</span> <span class='ocrx_word' id='word_1_249' title='bbox 587 1448 714 1480; x_wconf 87' lang='lat' dir='ltr'>effectus</span> <span class='ocrx_word' id='word_1_250' title='bbox 742 1449 850 1489; x_wconf 86' lang='lat' dir='ltr'>potius</span> <span class='ocrx_word' id='word_1_251' title='bbox 874 1456 931 1480; x_wconf 89' lang='lat' dir='ltr'>est.</span> <span class='ocrx_word' id='word_1_252' title='bbox 959 1450 1053 1480; x_wconf 90' lang='lat' dir='ltr'>Unde</span> <span class='ocrx_word' id='word_1_253' title='bbox 1084 1449 1177 1480; x_wconf 89' lang='lat' dir='ltr'>dolor</span> <span class='ocrx_word' id='word_1_254' title='bbox 1201 1455 1231 1479; x_wconf 90' lang='lat' dir='ltr'>et</span> <span class='ocrx_word' id='word_1_255' title='bbox 1253 1449 1350 1480; x_wconf 84' lang='lat' dir='ltr'>timor</span> <span class='ocrx_word' id='word_1_256' title='bbox 1373 1459 1406 1479; x_wconf 90' lang='lat' dir='ltr'>1n</span> 
     </span>
     <span class='ocr_line' id='line_1_42' title="bbox 342 1493 1407 1534; baseline 0 -11"><span class='ocrx_word' id='word_1_257' title='bbox 342 1501 432 1524; x_wconf 89' lang='lat' dir='ltr'>motu</span> <span class='ocrx_word' id='word_1_258' title='bbox 462 1493 518 1534; x_wconf 92' lang='lat' dir='ltr'>qui</span> <span class='ocrx_word' id='word_1_259' title='bbox 542 1501 587 1524; x_wconf 92' lang='lat' dir='ltr'>est</span> <span class='ocrx_word' id='word_1_260' title='bbox 611 1500 647 1524; x_wconf 93' lang='lat' dir='ltr'>ut</span> <span class='ocrx_word' id='word_1_261' title='bbox 677 1493 806 1525; x_wconf 81' lang='lat' dir='ltr'>materia</span> <span class='ocrx_word' id='word_1_262' title='bbox 836 1493 1007 1534; x_wconf 83' lang='lat' dir='ltr'>passionis,</span> <span class='ocrx_word' id='word_1_263' title='bbox 1034 1493 1243 1524; x_wconf 87' lang='lat' dir='ltr'>conveniunt:</span> <span class='ocrx_word' id='word_1_264' title='bbox 1274 1500 1407 1534; x_wconf 89' lang='lat' dir='ltr'>uterque</span> 
     </span>
    </p>
   </div>
   <div class='ocr_carea' id='block_1_16' title="bbox 1298 1587 1510 1596">
    <p class='ocr_par' dir='ltr' id='par_1_17' title="bbox 1298 1587 1510 1596">
     <span class='ocr_line' id='line_1_43' title="bbox 1298 1587 1510 1596; baseline 0 2556"><span class='ocrx_word' id='word_1_265' title='bbox 1298 1587 1510 1596; x_wconf 95' lang='lat' dir='ltr'> </span> 
     </span>
    </p>
   </div>
   <div class='ocr_carea' id='block_1_17' title="bbox 1429 833 1436 1520">
    <p class='ocr_par' dir='ltr' id='par_1_18' title="bbox 1429 833 1436 1520">
     <span class='ocr_line' id='line_1_44' title="bbox 1429 833 1436 1520; baseline 0 0"><span class='ocrx_word' id='word_1_266' title='bbox 1429 833 1436 1520; x_wconf 95' lang='lat' dir='ltr'> </span> 
     </span>
    </p>
   </div>
   <div class='ocr_carea' id='block_1_18' title="bbox 1457 832 2525 1533">
    <p class='ocr_par' dir='ltr' id='par_1_19' title="bbox 1457 832 2525 1533">
     <span class='ocr_line' id='line_1_45' title="bbox 1458 832 2517 879; baseline 0.006 -16"><span class='ocrx_word' id='word_1_267' title='bbox 1458 833 1545 864; x_wconf 87' lang='lat' dir='ltr'>enim</span> <span class='ocrx_word' id='word_1_268' title='bbox 1567 839 1614 863; x_wconf 90' lang='lat' dir='ltr'>est</span> <span class='ocrx_word' id='word_1_269' title='bbox 1637 833 1675 863; x_wconf 89' lang='lat' dir='ltr'>ab</span> <span class='ocrx_word' id='word_1_270' title='bbox 1700 839 1783 863; x_wconf 87' lang='lat' dir='ltr'>extra</span> <span class='ocrx_word' id='word_1_271' title='bbox 1807 833 1846 863; x_wconf 88' lang='lat' dir='ltr'>ad</span> <span class='ocrx_word' id='word_1_272' title='bbox 1869 832 1959 864; x_wconf 86' lang='lat' dir='ltr'>intra.</span> <span class='ocrx_word' id='word_1_273' title='bbox 1983 833 2045 864; x_wconf 90' lang='lat' dir='ltr'>Sed</span> <span class='ocrx_word' id='word_1_274' title='bbox 2068 834 2100 864; x_wconf 91' lang='lat' dir='ltr'>in</span> <span class='ocrx_word' id='word_1_275' title='bbox 2120 841 2212 866; x_wconf 89' lang='lat' dir='ltr'>motu</span> <span class='ocrx_word' id='word_1_276' title='bbox 2232 837 2287 877; x_wconf 88' lang='lat' dir='ltr'>qui</span> <span class='ocrx_word' id='word_1_277' title='bbox 2303 837 2517 879; x_wconf 88' lang='lat' dir='ltr'>consequitur,</span> 
     </span>
     <span class='ocr_line' id='line_1_46' title="bbox 1458 876 2519 922; baseline 0.007 -16"><span class='ocrx_word' id='word_1_278' title='bbox 1458 876 1621 907; x_wconf 86' lang='lat' dir='ltr'>differunt:</span> <span class='ocrx_word' id='word_1_279' title='bbox 1647 886 1722 906; x_wconf 81' lang='lat' dir='ltr'>nam</span> <span class='ocrx_word' id='word_1_280' title='bbox 1745 877 1784 906; x_wconf 91' lang='lat' dir='ltr'>ad</span> <span class='ocrx_word' id='word_1_281' title='bbox 1809 877 1955 907; x_wconf 87' lang='lat' dir='ltr'>dolorem</span> <span class='ocrx_word' id='word_1_282' title='bbox 1980 878 2122 918; x_wconf 88' lang='lat' dir='ltr'>sequitur</span> <span class='ocrx_word' id='word_1_283' title='bbox 2146 886 2254 910; x_wconf 89' lang='lat' dir='ltr'>motus</span> <span class='ocrx_word' id='word_1_284' title='bbox 2277 881 2316 911; x_wconf 82' lang='lat' dir='ltr'>ad</span> <span class='ocrx_word' id='word_1_285' title='bbox 2340 882 2519 922; x_wconf 81' lang='lat' dir='ltr'>superiora,</span> 
     </span>
     <span class='ocr_line' id='line_1_47' title="bbox 1457 921 2519 963; baseline 0.007 -13"><span class='ocrx_word' id='word_1_286' title='bbox 1457 921 1507 950; x_wconf 92' lang='lat' dir='ltr'>vel</span> <span class='ocrx_word' id='word_1_287' title='bbox 1524 927 1620 960; x_wconf 92' lang='lat' dir='ltr'>prout</span> <span class='ocrx_word' id='word_1_288' title='bbox 1634 930 1717 960; x_wconf 90' lang='lat' dir='ltr'>opus</span> <span class='ocrx_word' id='word_1_289' title='bbox 1733 927 1788 957; x_wconf 89' lang='lat' dir='ltr'>est,</span> <span class='ocrx_word' id='word_1_290' title='bbox 1806 928 1841 952; x_wconf 90' lang='lat' dir='ltr'>ut</span> <span class='ocrx_word' id='word_1_291' title='bbox 1857 921 1889 952; x_wconf 89' lang='lat' dir='ltr'>in</span> <span class='ocrx_word' id='word_1_292' title='bbox 1908 921 2116 961; x_wconf 86' lang='lat' dir='ltr'>responsione</span> <span class='ocrx_word' id='word_1_293' title='bbox 2133 923 2172 952; x_wconf 83' lang='lat' dir='ltr'>ad</span> <span class='ocrx_word' id='word_1_294' title='bbox 2188 925 2364 955; x_wconf 89' lang='lat' dir='ltr'>secundum</span> <span class='ocrx_word' id='word_1_295' title='bbox 2388 926 2519 963; x_wconf 85' lang='lat' dir='ltr'>dicitur;</span> 
     </span>
     <span class='ocr_line' id='line_1_48' title="bbox 1457 963 2520 1006; baseline 0.008 -13"><span class='ocrx_word' id='word_1_296' title='bbox 1457 964 1490 994; x_wconf 90' lang='lat' dir='ltr'>in</span> <span class='ocrx_word' id='word_1_297' title='bbox 1509 963 1634 1000; x_wconf 84' lang='lat' dir='ltr'>timore,</span> <span class='ocrx_word' id='word_1_298' title='bbox 1651 971 1759 995; x_wconf 87' lang='lat' dir='ltr'>motus</span> <span class='ocrx_word' id='word_1_299' title='bbox 1783 974 1980 1005; x_wconf 84' lang='lat' dir='ltr'>consequens</span> <span class='ocrx_word' id='word_1_300' title='bbox 2004 967 2199 1006; x_wconf 87' lang='lat' dir='ltr'>quandoque</span> <span class='ocrx_word' id='word_1_301' title='bbox 2223 974 2270 998; x_wconf 92' lang='lat' dir='ltr'>est</span> <span class='ocrx_word' id='word_1_302' title='bbox 2292 969 2332 998; x_wconf 82' lang='lat' dir='ltr'>ad</span> <span class='ocrx_word' id='word_1_303' title='bbox 2362 969 2520 1002; x_wconf 82' lang='lat' dir='ltr'>inferiora.</span> 
     </span>
     <span class='ocr_line' id='line_1_49' title="bbox 1458 1008 2521 1051; baseline 0.008 -14"><span class='ocrx_word' id='word_1_304' title='bbox 1458 1008 1499 1038; x_wconf 94' lang='lat' dir='ltr'>Et</span> <span class='ocrx_word' id='word_1_305' title='bbox 1521 1008 1583 1038; x_wconf 95' lang='lat' dir='ltr'>hoc</span> <span class='ocrx_word' id='word_1_306' title='bbox 1606 1008 1709 1038; x_wconf 90' lang='lat' dir='ltr'>evenit</span> <span class='ocrx_word' id='word_1_307' title='bbox 1731 1008 1857 1050; x_wconf 87' lang='lat' dir='ltr'>quoties</span> <span class='ocrx_word' id='word_1_308' title='bbox 1880 1009 1976 1040; x_wconf 89' lang='lat' dir='ltr'>timor</span> <span class='ocrx_word' id='word_1_309' title='bbox 1995 1009 2081 1040; x_wconf 90' lang='lat' dir='ltr'>ducit</span> <span class='ocrx_word' id='word_1_310' title='bbox 2096 1011 2135 1040; x_wconf 82' lang='lat' dir='ltr'>ad</span> <span class='ocrx_word' id='word_1_311' title='bbox 2151 1010 2249 1050; x_wconf 84' lang='lat' dir='ltr'>frigus</span> <span class='ocrx_word' id='word_1_312' title='bbox 2263 1011 2443 1051; x_wconf 81' lang='lat' dir='ltr'>ingrossans</span> <span class='ocrx_word' id='word_1_313' title='bbox 2459 1024 2474 1044; x_wconf 90' lang='lat' dir='ltr'>s</span> <span class='ocrx_word' id='word_1_314' title='bbox 2497 1014 2521 1044; x_wconf 82' lang='lat' dir='ltr'>i-</span> 
     </span>
     <span class='ocr_line' id='line_1_50' title="bbox 1458 1050 2522 1090; baseline 0.007 -9"><span class='ocrx_word' id='word_1_315' title='bbox 1458 1051 1544 1082; x_wconf 85' lang='lat' dir='ltr'>ritus.</span> <span class='ocrx_word' id='word_1_316' title='bbox 1562 1052 1660 1089; x_wconf 86' lang='lat' dir='ltr'>Quod</span> <span class='ocrx_word' id='word_1_317' title='bbox 1679 1058 1755 1082; x_wconf 84' lang='lat' dir='ltr'>tunc</span> <span class='ocrx_word' id='word_1_318' title='bbox 1771 1060 1836 1082; x_wconf 85' lang='lat' dir='ltr'>non</span> <span class='ocrx_word' id='word_1_319' title='bbox 1851 1052 1965 1090; x_wconf 80' lang='lat' dir='ltr'>evenit,</span> <span class='ocrx_word' id='word_1_320' title='bbox 1980 1062 2057 1084; x_wconf 80' lang='lat' dir='ltr'>curn</span> <span class='ocrx_word' id='word_1_321' title='bbox 2075 1053 2222 1085; x_wconf 84' lang='lat' dir='ltr'>modicus</span> <span class='ocrx_word' id='word_1_322' title='bbox 2236 1061 2289 1086; x_wconf 54' lang='lat' dir='ltr'>est*</span> <span class='ocrx_word' id='word_1_323' title='bbox 2375 1050 2393 1057; x_wconf 57' lang='lat'>&#39;⁸</span> <span class='ocrx_word' id='word_1_324' title='bbox 2426 1051 2441 1064; x_wconf 60' lang='lat'>³</span> <span class='ocrx_word' id='word_1_325' title='bbox 2457 1064 2460 1065; x_wconf 70' lang='grc'>’</span> <span class='ocrx_word' id='word_1_326' title='bbox 2494 1058 2522 1088; x_wconf 85' lang='lat' dir='ltr'>&#39;s</span> 
     </span>
     <span class='ocr_line' id='line_1_51' title="bbox 1458 1092 2522 1144; baseline 0.008 -19"><span class='ocrx_word' id='word_1_327' title='bbox 1458 1095 1660 1126; x_wconf 82' lang='lat' dir='ltr'>videturesse</span> <span class='ocrx_word' id='word_1_328' title='bbox 1671 1092 1876 1127; x_wconf 81' lang='lat' dir='ltr'>verecundia:</span> <span class='ocrx_word' id='word_1_329' title='bbox 1894 1103 2073 1128; x_wconf 74' lang='lat' dir='ltr'>contractus</span> <span class='ocrx_word' id='word_1_330' title='bbox 2089 1096 2294 1139; x_wconf 62' lang='lat' dir='ltr'>siquidem‘in‘</span> <span class='ocrx_word' id='word_1_331' title='bbox 2311 1095 2399 1144; x_wconf 51' lang='grc' dir='ltr'>ὠὴ»</span> <span class='ocrx_word' id='word_1_332' title='bbox 2415 1095 2419 1105; x_wconf 81' lang='lat'><em>&#39;</em></span> <span class='ocrx_word' id='word_1_333' title='bbox 2472 1100 2522 1142; x_wconf 53' lang='grc' dir='ltr'>ξ*</span> 
     </span>
     <span class='ocr_line' id='line_1_52' title="bbox 1460 1140 2523 1182; baseline 0.006 -12"><span class='ocrx_word' id='word_1_334' title='bbox 1460 1140 1505 1179; x_wconf 33' lang='lat' dir='ltr'>ad„</span> <span class='ocrx_word' id='word_1_335' title='bbox 1522 1140 1616 1176; x_wconf 83' lang='lat' dir='ltr'>intra,</span> <span class='ocrx_word' id='word_1_336' title='bbox 1635 1146 1672 1171; x_wconf 67' lang='lat' dir='ltr'>&#39;et</span> <span class='ocrx_word' id='word_1_337' title='bbox 1695 1140 1821 1178; x_wconf 82' lang='lat' dir='ltr'>obiecto</span> <span class='ocrx_word' id='word_1_338' title='bbox 1844 1140 1968 1172; x_wconf 87' lang='lat' dir='ltr'>timoris</span> <span class='ocrx_word' id='word_1_339' title='bbox 1990 1151 2058 1173; x_wconf 88' lang='lat' dir='ltr'>non</span> <span class='ocrx_word' id='word_1_340' title='bbox 2079 1149 2275 1182; x_wconf 79' lang='lat' dir='ltr'>repugnante</span> <span class='ocrx_word' id='word_1_341' title='bbox 2299 1147 2396 1181; x_wconf 54' lang='grc' dir='ltr'>σθω,</span> <span class='ocrx_word' id='word_1_342' title='bbox 2446 1144 2523 1182; x_wconf 65' lang='lat' dir='ltr'>=s=u</span> 
     </span>
     <span class='ocr_line' id='line_1_53' title="bbox 1460 1153 2524 1226; baseline 0.008 -12"><span class='ocrx_word' id='word_1_343' title='bbox 1460 1183 1520 1222; x_wconf 80' lang='lat' dir='ltr'>soli</span> <span class='ocrx_word' id='word_1_344' title='bbox 1547 1184 1718 1224; x_wconf 82' lang='lat' dir='ltr'>appetitui,</span> <span class='ocrx_word' id='word_1_345' title='bbox 1743 1194 1812 1215; x_wconf 86' lang='lat' dir='ltr'>non</span> <span class='ocrx_word' id='word_1_346' title='bbox 1834 1184 1976 1226; x_wconf 86' lang='lat' dir='ltr'>sequitur</span> <span class='ocrx_word' id='word_1_347' title='bbox 2006 1185 2104 1226; x_wconf 83' lang='lat' dir='ltr'>frigus</span> <span class='ocrx_word' id='word_1_348' title='bbox 2129 1193 2260 1221; x_wconf 75' lang='lat' dir='ltr'>naturae</span> <span class='ocrx_word' id='word_1_349' title='bbox 2279 1153 2470 1225; x_wconf 44' lang='lat' dir='ltr'>inim‘iffii</span> <span class='ocrx_word' id='word_1_350' title='bbox 2478 1183 2524 1226; x_wconf 58' lang='grc' dir='ltr'>Εἴ</span> 
     </span>
     <span class='ocr_line' id='line_1_54' title="bbox 1460 1224 2524 1274; baseline 0.005 -16"><span class='ocrx_word' id='word_1_351' title='bbox 1460 1227 1504 1258; x_wconf 90' lang='lat' dir='ltr'>sic</span> <span class='ocrx_word' id='word_1_352' title='bbox 1523 1228 1628 1265; x_wconf 79' lang='lat' dir='ltr'>anima</span> <span class='ocrx_word' id='word_1_353' title='bbox 1647 1225 1794 1260; x_wconf 89' lang='lat' dir='ltr'>diffundit</span> <span class='ocrx_word' id='word_1_354' title='bbox 1808 1227 1841 1259; x_wconf 89' lang='lat' dir='ltr'>in</span> <span class='ocrx_word' id='word_1_355' title='bbox 1854 1228 1971 1266; x_wconf 14' lang='lat' dir='ltr'>&#39;faciem</span> <span class='ocrx_word' id='word_1_356' title='bbox 1989 1230 2150 1262; x_wconf 84' lang='lat' dir='ltr'>ruborem.</span> <span class='ocrx_word' id='word_1_357' title='bbox 2166 1248 2187 1253; x_wconf 88' lang='lat'><em>—</em></span> <span class='ocrx_word' id='word_1_358' title='bbox 2202 1231 2333 1273; x_wconf 81' lang='lat' dir='ltr'>Semper</span> <span class='ocrx_word' id='word_1_359' title='bbox 2349 1224 2475 1274; x_wconf 51' lang='lat' dir='ltr'>ergoffit</span> <span class='ocrx_word' id='word_1_360' title='bbox 2486 1233 2524 1272; x_wconf 55' lang='grc' dir='ltr'><strong>ᾗ</strong></span> 
     </span>
     <span class='ocr_line' id='line_1_55' title="bbox 1460 1271 2524 1319; baseline 0.006 -17"><span class='ocrx_word' id='word_1_361' title='bbox 1460 1271 1575 1318; x_wconf 80' lang='lat' dir='ltr'>timore</span> <span class='ocrx_word' id='word_1_362' title='bbox 1599 1273 1772 1303; x_wconf 88' lang='lat' dir='ltr'>contractio</span> <span class='ocrx_word' id='word_1_363' title='bbox 1789 1273 1828 1303; x_wconf 87' lang='lat' dir='ltr'>ad</span> <span class='ocrx_word' id='word_1_364' title='bbox 1851 1272 1953 1305; x_wconf 87' lang='lat' dir='ltr'>intus:</span> <span class='ocrx_word' id='word_1_365' title='bbox 1978 1273 2033 1304; x_wconf 89' lang='lat' dir='ltr'>sed</span> <span class='ocrx_word' id='word_1_366' title='bbox 2055 1275 2212 1316; x_wconf 75' lang='lat' dir='ltr'>quianon</span> <span class='ocrx_word' id='word_1_367' title='bbox 2232 1282 2356 1316; x_wconf 88' lang='lat' dir='ltr'>semper</span> <span class='ocrx_word' id='word_1_368' title='bbox 2371 1275 2407 1307; x_wconf 82' lang='lat' dir='ltr'>fit</span> <span class='ocrx_word' id='word_1_369' title='bbox 2421 1273 2524 1319; x_wconf 72' lang='lat' dir='ltr'>usque</span> 
     </span>
     <span class='ocr_line' id='line_1_56' title="bbox 1460 1315 2524 1359; baseline 0.006 -13"><span class='ocrx_word' id='word_1_370' title='bbox 1460 1316 1501 1346; x_wconf 80' lang='lat' dir='ltr'>ad</span> <span class='ocrx_word' id='word_1_371' title='bbox 1524 1315 1622 1357; x_wconf 86' lang='lat' dir='ltr'>frigus</span> <span class='ocrx_word' id='word_1_372' title='bbox 1645 1316 1839 1357; x_wconf 76' lang='lat' dir='ltr'>ingrossa&#39;ns,</span> <span class='ocrx_word' id='word_1_373' title='bbox 1863 1317 1994 1348; x_wconf 35' lang='lat' dir='ltr'>ideosfir‘i&#39;</span> <span class='ocrx_word' id='word_1_374' title='bbox 2015 1318 2118 1350; x_wconf 81' lang='lat' dir='ltr'>littera</span> <span class='ocrx_word' id='word_1_375' title='bbox 2135 1326 2268 1359; x_wconf 84' lang='lat' dir='ltr'>negatur</span> <span class='ocrx_word' id='word_1_376' title='bbox 2283 1318 2457 1352; x_wconf 68' lang='lat' dir='ltr'>contractio</span> <span class='ocrx_word' id='word_1_377' title='bbox 2472 1319 2524 1352; x_wconf 60' lang='lat' dir='ltr'>na»</span> 
     </span>
     <span class='ocr_line' id='line_1_57' title="bbox 1461 1359 2522 1405; baseline 0.005 -14"><span class='ocrx_word' id='word_1_378' title='bbox 1461 1367 1550 1391; x_wconf 85' lang='lat' dir='ltr'>turae</span> <span class='ocrx_word' id='word_1_379' title='bbox 1573 1369 1760 1402; x_wconf 85' lang='lat' dir='ltr'>corporeae;</span> <span class='ocrx_word' id='word_1_380' title='bbox 1780 1370 1847 1392; x_wconf 86' lang='lat' dir='ltr'>non</span> <span class='ocrx_word' id='word_1_381' title='bbox 1871 1361 1947 1402; x_wconf 85' lang='lat' dir='ltr'>quia</span> <span class='ocrx_word' id='word_1_382' title='bbox 1960 1371 2028 1393; x_wconf 87' lang='lat' dir='ltr'>non</span> <span class='ocrx_word' id='word_1_383' title='bbox 2050 1362 2115 1399; x_wconf 78' lang='lat' dir='ltr'>fiat,</span> <span class='ocrx_word' id='word_1_384' title='bbox 2131 1364 2186 1394; x_wconf 83' lang='lat' dir='ltr'>sed</span> <span class='ocrx_word' id='word_1_385' title='bbox 2203 1363 2285 1405; x_wconf 75' lang='lat' dir='ltr'>:quia</span> <span class='ocrx_word' id='word_1_386' title='bbox 2306 1359 2522 1405; x_wconf 58' lang='lat' dir='ltr'>non‘fitcenj—</span> 
     </span>
     <span class='ocr_line' id='line_1_58' title="bbox 1462 1405 2499 1446; baseline 0.004 -12"><span class='ocrx_word' id='word_1_387' title='bbox 1462 1411 1620 1435; x_wconf 80' lang='lat' dir='ltr'>summata</span> <span class='ocrx_word' id='word_1_388' title='bbox 1643 1415 1745 1446; x_wconf 85' lang='lat' dir='ltr'>usque</span> <span class='ocrx_word' id='word_1_389' title='bbox 1766 1405 1808 1435; x_wconf 58' lang='lat' dir='ltr'>&gt;ad</span> <span class='ocrx_word' id='word_1_390' title='bbox 1830 1405 1940 1445; x_wconf 76' lang='lat' dir='ltr'>frigus.</span> <span class='ocrx_word' id='word_1_391' title='bbox 2164 1412 2166 1414; x_wconf 74' lang='grc'><strong><em>’</em></strong></span> <span class='ocrx_word' id='word_1_392' title='bbox 2272 1443 2274 1445; x_wconf 66' lang='lat'>‚</span> <span class='ocrx_word' id='word_1_393' title='bbox 2395 1434 2417 1445; x_wconf 60' lang='lat'><em>„</em></span> <span class='ocrx_word' id='word_1_394' title='bbox 2456 1443 2459 1446; x_wconf 15' lang='grc' dir='ltr'><em>Δ</em></span> <span class='ocrx_word' id='word_1_395' title='bbox 2497 1442 2499 1445; x_wconf 49' lang='grc'><em>,</em></span> 
     </span>
     <span class='ocr_line' id='line_1_59' title="bbox 1517 1449 2525 1495; baseline 0.005 -16"><span class='ocrx_word' id='word_1_396' title='bbox 1517 1449 1554 1479; x_wconf 89' lang='lat' dir='ltr'>In</span> <span class='ocrx_word' id='word_1_397' title='bbox 1575 1449 1704 1491; x_wconf 87' lang='lat' dir='ltr'>reliquis</span> <span class='ocrx_word' id='word_1_398' title='bbox 1727 1449 1826 1480; x_wconf 86' lang='lat' dir='ltr'>tribus</span> <span class='ocrx_word' id='word_1_399' title='bbox 1848 1449 1986 1481; x_wconf 89' lang='lat' dir='ltr'>articulis</span> <span class='ocrx_word' id='word_1_400' title='bbox 2010 1450 2152 1483; x_wconf 84' lang='lat' dir='ltr'>eiusdem</span> <span class='ocrx_word' id='word_1_401' title='bbox 2174 1451 2525 1495; x_wconf 76' lang='lat' dir='ltr'>quadragesimaequar-</span> 
     </span>
     <span class='ocr_line' id='line_1_60' title="bbox 1462 1492 2452 1533; baseline 0.004 -10"><span class='ocrx_word' id='word_1_402' title='bbox 1462 1499 1511 1523; x_wconf 88' lang='lat' dir='ltr'>tae</span> <span class='ocrx_word' id='word_1_403' title='bbox 1535 1493 1728 1533; x_wconf 85' lang='lat' dir='ltr'>quaestionis</span> <span class='ocrx_word' id='word_1_404' title='bbox 1752 1492 1831 1524; x_wconf 90' lang='lat' dir='ltr'>nihil</span> <span class='ocrx_word' id='word_1_405' title='bbox 1853 1493 1988 1525; x_wconf 88' lang='lat' dir='ltr'>occurrit</span> <span class='ocrx_word' id='word_1_406' title='bbox 2011 1493 2222 1526; x_wconf 86' lang='lat' dir='ltr'>scribendum.</span> <span class='ocrx_word' id='word_1_407' title='bbox 2358 1493 2362 1498; x_wconf 63' lang='lat'><strong><em>⁴</em></strong></span> <span class='ocrx_word' id='word_1_408' title='bbox 2430 1494 2452 1498; x_wconf 47' lang='lat'>&#39;⁷</span> 
     </span>
    </p>
   </div>
   <div class='ocr_carea' id='block_1_19' title="bbox 999 1653 1858 1777">
    <p class='ocr_par' dir='ltr' id='par_1_20' title="bbox 999 1653 1858 1777">
     <span class='ocr_line' id='line_1_61' title="bbox 1108 1653 1754 1696; baseline -0.003 0"><span class='ocrx_word' id='word_1_409' title='bbox 1108 1653 1425 1696; x_wconf 89' lang='lat' dir='ltr'>ARTICULUS</span> <span class='ocrx_word' id='word_1_410' title='bbox 1456 1653 1754 1696; x_wconf 87' lang='lat' dir='ltr'>SECUNDUS</span> 
     </span>
     <span class='ocr_line' id='line_1_62' title="bbox 999 1745 1858 1777; baseline 0 -1"><span class='ocrx_word' id='word_1_411' title='bbox 999 1746 1156 1776; x_wconf 88' lang='lat' dir='ltr'><strong>UTRUM</strong></span> <span class='ocrx_word' id='word_1_412' title='bbox 1179 1745 1320 1777; x_wconf 82' lang='lat' dir='ltr'>TIMOR</span> <span class='ocrx_word' id='word_1_413' title='bbox 1343 1745 1503 1776; x_wconf 80' lang='lat' dir='ltr'>FACIAT</span> <span class='ocrx_word' id='word_1_414' title='bbox 1528 1745 1858 1777; x_wconf 81' lang='lat' dir='ltr'>CONSILIATIVOS</span> 
     </span>
    </p>
   </div>
   <div class='ocr_carea' id='block_1_20' title="bbox 1113 1822 1748 1856">
    <p class='ocr_par' dir='ltr' id='par_1_21' title="bbox 1113 1822 1748 1856">
     <span class='ocr_line' id='line_1_63' title="bbox 1113 1822 1748 1856; baseline 0.002 -8"><span class='ocrx_word' id='word_1_415' title='bbox 1113 1825 1144 1849; x_wconf 85' lang='grc' dir='ltr'>ΙΙ·</span> <span class='ocrx_word' id='word_1_416' title='bbox 1165 1825 1216 1854; x_wconf 85' lang='lat'>11··‚</span> <span class='ocrx_word' id='word_1_417' title='bbox 1236 1832 1280 1856; x_wconf 86' lang='lat' dir='ltr'>qu.</span> <span class='ocrx_word' id='word_1_418' title='bbox 1299 1831 1380 1853; x_wconf 77' lang='lat' dir='ltr'>cxxxx,</span> <span class='ocrx_word' id='word_1_419' title='bbox 1400 1829 1445 1848; x_wconf 90' lang='lat' dir='ltr'>art.</span> <span class='ocrx_word' id='word_1_420' title='bbox 1465 1831 1496 1856; x_wconf 81' lang='lat'>73</span> <span class='ocrx_word' id='word_1_421' title='bbox 1517 1824 1546 1848; x_wconf 83' lang='lat' dir='ltr'>In</span> <span class='ocrx_word' id='word_1_422' title='bbox 1566 1822 1664 1849; x_wconf 78' lang='lat' dir='ltr'>Psalm.</span> <span class='ocrx_word' id='word_1_423' title='bbox 1683 1824 1748 1849; x_wconf 82' lang='lat' dir='ltr'>XII.</span> 
     </span>
    </p>
   </div>
   <div class='ocr_carea' id='block_1_21' title="bbox 353 1931 535 2114">
    <p class='ocr_par' dir='ltr' id='par_1_22' title="bbox 353 1931 535 2114">
     <span class='ocr_line' id='line_1_64' title="bbox 353 1931 535 2114; baseline 0 0"><span class='ocrx_word' id='word_1_424' title='bbox 353 1931 535 2114; x_wconf 95' lang='lat' dir='ltr'>     </span> 
     </span>
    </p>
   </div>
   <div class='ocr_carea' id='block_1_22' title="bbox 372 1928 498 1958">
    <p class='ocr_par' dir='ltr' id='par_1_23' title="bbox 372 1928 498 1958">
     <span class='ocr_line' id='line_1_65' title="bbox 372 1928 498 1958; baseline 0.016 -3"><span class='ocrx_word' id='word_1_425' title='bbox 372 1928 498 1958; x_wconf 39' lang='grc' dir='ltr'>»ψ’</span> 
     </span>
    </p>
   </div>
   <div class='ocr_carea' id='block_1_23' title="bbox 369 1956 415 1972">
    <p class='ocr_par' dir='ltr' id='par_1_24' title="bbox 369 1956 415 1972">
     <span class='ocr_line' id='line_1_66' title="bbox 369 1956 415 1972; baseline 0 -1"><span class='ocrx_word' id='word_1_426' title='bbox 369 1956 400 1972; x_wconf 53' lang='lat' dir='ltr'>iffi*</span> <span class='ocrx_word' id='word_1_427' title='bbox 409 1964 415 1971; x_wconf 74' lang='grc' dir='ltr'>ι</span> 
     </span>
    </p>
   </div>
   <div class='ocr_carea' id='block_1_24' title="bbox 339 1912 1409 3286">
    <p class='ocr_par' dir='ltr' id='par_1_25' title="bbox 384 1912 1401 1981">
     <span class='ocr_line' id='line_1_67' title="bbox 384 1912 1401 1981; baseline -0.001 -32"><span class='ocrx_word' id='word_1_428' title='bbox 384 1936 426 1969; x_wconf 48' lang='lat'>22„</span> <span class='ocrx_word' id='word_1_429' title='bbox 455 1931 528 1981; x_wconf 36' lang='grc' dir='ltr'>ως(</span> <span class='ocrx_word' id='word_1_430' title='bbox 551 1925 573 1961; x_wconf 72' lang='lat'>1)</span> <span class='ocrx_word' id='word_1_431' title='bbox 589 1925 779 1950; x_wconf 81' lang='lat' dir='ltr'>SECUNDUM</span> <span class='ocrx_word' id='word_1_432' title='bbox 787 1925 847 1951; x_wconf 76' lang='lat' dir='ltr'>,stc</span> <span class='ocrx_word' id='word_1_433' title='bbox 863 1924 1103 1950; x_wconf 80' lang='lat' dir='ltr'>PROCEDITUR.</span> <span class='ocrx_word' id='word_1_434' title='bbox 1119 1912 1281 1949; x_wconf 87' lang='lat' dir='ltr'>Videtur</span> <span class='ocrx_word' id='word_1_435' title='bbox 1297 1912 1401 1960; x_wconf 90' lang='lat' dir='ltr'>quod</span> 
     </span>
    </p>

    <p class='ocr_par' dir='ltr' id='par_1_26' title="bbox 340 1956 1402 2269">
     <span class='ocr_line' id='line_1_68' title="bbox 365 1956 1402 2023; baseline 0.001 -22"><span class='ocrx_word' id='word_1_436' title='bbox 365 1956 530 2023; x_wconf 46' lang='grc' dir='ltr'>9331ᾼὲἰῆ</span> <span class='ocrx_word' id='word_1_437' title='bbox 551 1966 664 2002; x_wconf 90' lang='lat' dir='ltr'>timor</span> <span class='ocrx_word' id='word_1_438' title='bbox 678 1978 756 2002; x_wconf 91' lang='lat' dir='ltr'>non</span> <span class='ocrx_word' id='word_1_439' title='bbox 771 1966 882 2003; x_wconf 89' lang='lat' dir='ltr'>faciat</span> <span class='ocrx_word' id='word_1_440' title='bbox 897 1965 1166 2003; x_wconf 88' lang='lat' dir='ltr'>consiliativos.</span> <span class='ocrx_word' id='word_1_441' title='bbox 1188 1964 1280 2002; x_wconf 90' lang='lat' dir='ltr'>Non</span> <span class='ocrx_word' id='word_1_442' title='bbox 1301 1964 1402 2002; x_wconf 90' lang='lat' dir='ltr'>enim</span> 
     </span>
     <span class='ocr_line' id='line_1_69' title="bbox 357 2004 1402 2066; baseline 0.003 -14"><span class='ocrx_word' id='word_1_443' title='bbox 357 2010 406 2064; x_wconf 43' lang='grc' dir='ltr'>’,ᾖ</span> <span class='ocrx_word' id='word_1_444' title='bbox 418 2035 472 2053; x_wconf 66' lang='grc' dir='ltr'>ν»</span> <span class='ocrx_word' id='word_1_445' title='bbox 489 2004 607 2056; x_wconf 87' lang='lat' dir='ltr'>est</span> <span class='ocrx_word' id='word_1_446' title='bbox 627 2018 797 2056; x_wconf 89' lang='lat' dir='ltr'>eiusdem</span> <span class='ocrx_word' id='word_1_447' title='bbox 823 2018 1078 2059; x_wconf 91' lang='lat' dir='ltr'>consiliativos</span> <span class='ocrx_word' id='word_1_448' title='bbox 1099 2019 1235 2066; x_wconf 89' lang='lat' dir='ltr'>facere,</span> <span class='ocrx_word' id='word_1_449' title='bbox 1257 2025 1293 2054; x_wconf 88' lang='lat' dir='ltr'>et</span> <span class='ocrx_word' id='word_1_450' title='bbox 1313 2031 1402 2055; x_wconf 92' lang='lat' dir='ltr'>con-</span> 
     </span>
     <span class='ocr_line' id='line_1_70' title="bbox 358 2047 1400 2122; baseline 0 -14"><span class='ocrx_word' id='word_1_451' title='bbox 358 2066 372 2078; x_wconf 64' lang='grc'><strong><em>”</em></strong></span> <span class='ocrx_word' id='word_1_452' title='bbox 397 2047 486 2113; x_wconf 49' lang='lat'>²55}</span> <span class='ocrx_word' id='word_1_453' title='bbox 510 2064 674 2108; x_wconf 44' lang='lat' dir='ltr'>&amp;silium</span> <span class='ocrx_word' id='word_1_454' title='bbox 709 2071 904 2122; x_wconf 87' lang='lat' dir='ltr'>impedire.</span> <span class='ocrx_word' id='word_1_455' title='bbox 943 2072 1020 2109; x_wconf 90' lang='lat' dir='ltr'>Sed</span> <span class='ocrx_word' id='word_1_456' title='bbox 1057 2071 1171 2109; x_wconf 88' lang='lat' dir='ltr'>timor</span> <span class='ocrx_word' id='word_1_457' title='bbox 1200 2071 1400 2108; x_wconf 90' lang='lat' dir='ltr'>consilium</span> 
     </span>
     <span class='ocr_line' id='line_1_71' title="bbox 340 2123 1401 2174; baseline 0.002 -15"><span class='ocrx_word' id='word_1_458' title='bbox 340 2123 517 2173; x_wconf 89' lang='lat' dir='ltr'>impedit:</span> <span class='ocrx_word' id='word_1_459' title='bbox 548 2124 673 2161; x_wconf 87' lang='lat' dir='ltr'>omnis</span> <span class='ocrx_word' id='word_1_460' title='bbox 703 2125 804 2162; x_wconf 93' lang='lat' dir='ltr'>enim</span> <span class='ocrx_word' id='word_1_461' title='bbox 834 2124 960 2173; x_wconf 89' lang='lat' dir='ltr'>passio</span> <span class='ocrx_word' id='word_1_462' title='bbox 988 2125 1184 2174; x_wconf 91' lang='lat' dir='ltr'>perturbat</span> <span class='ocrx_word' id='word_1_463' title='bbox 1211 2124 1401 2174; x_wconf 88' lang='lat' dir='ltr'>quietem,</span> 
     </span>
     <span class='ocr_line' id='line_1_72' title="bbox 341 2177 1401 2227; baseline 0.001 -14"><span class='ocrx_word' id='word_1_464' title='bbox 341 2189 440 2227; x_wconf 87' lang='lat' dir='ltr'>quae</span> <span class='ocrx_word' id='word_1_465' title='bbox 469 2177 668 2225; x_wconf 89' lang='lat' dir='ltr'>requiritur</span> <span class='ocrx_word' id='word_1_466' title='bbox 700 2178 748 2215; x_wconf 94' lang='lat' dir='ltr'>ad</span> <span class='ocrx_word' id='word_1_467' title='bbox 782 2178 930 2214; x_wconf 90' lang='lat' dir='ltr'>bonum</span> <span class='ocrx_word' id='word_1_468' title='bbox 959 2189 1074 2215; x_wconf 89' lang='lat' dir='ltr'>usum</span> <span class='ocrx_word' id='word_1_469' title='bbox 1104 2177 1269 2214; x_wconf 91' lang='lat' dir='ltr'>rationis.</span> <span class='ocrx_word' id='word_1_470' title='bbox 1300 2178 1401 2226; x_wconf 90' lang='lat' dir='ltr'>Ergo</span> 
     </span>
     <span class='ocr_line' id='line_1_73' title="bbox 340 2230 968 2269; baseline 0.005 -3"><span class='ocrx_word' id='word_1_471' title='bbox 340 2230 455 2266; x_wconf 88' lang='lat' dir='ltr'>timor</span> <span class='ocrx_word' id='word_1_472' title='bbox 482 2241 561 2267; x_wconf 91' lang='lat' dir='ltr'>non</span> <span class='ocrx_word' id='word_1_473' title='bbox 589 2230 675 2267; x_wconf 88' lang='lat' dir='ltr'>facit</span> <span class='ocrx_word' id='word_1_474' title='bbox 704 2230 968 2269; x_wconf 84' lang='lat' dir='ltr'>consiliativos.</span> 
     </span>
    </p>

    <p class='ocr_par' dir='ltr' id='par_1_27' title="bbox 339 2281 1404 2596">
     <span class='ocr_line' id='line_1_74' title="bbox 395 2281 1403 2331; baseline 0 -12"><span class='ocrx_word' id='word_1_475' title='bbox 395 2294 429 2319; x_wconf 91' lang='lat'>2.</span> <span class='ocrx_word' id='word_1_476' title='bbox 459 2283 695 2331; x_wconf 79' lang='lat' dir='ltr'>PRAETEREA,</span> <span class='ocrx_word' id='word_1_477' title='bbox 727 2283 925 2320; x_wconf 88' lang='lat' dir='ltr'>consilium</span> <span class='ocrx_word' id='word_1_478' title='bbox 957 2291 1013 2320; x_wconf 90' lang='lat' dir='ltr'>est</span> <span class='ocrx_word' id='word_1_479' title='bbox 1041 2290 1145 2320; x_wconf 90' lang='lat' dir='ltr'>actus</span> <span class='ocrx_word' id='word_1_480' title='bbox 1174 2282 1326 2319; x_wconf 89' lang='lat' dir='ltr'>rationis</span> <span class='ocrx_word' id='word_1_481' title='bbox 1355 2281 1403 2319; x_wconf 87' lang='lat' dir='ltr'>de</span> 
     </span>
     <span class='ocr_line' id='line_1_75' title="bbox 341 2335 1404 2384; baseline 0.001 -13"><span class='ocrx_word' id='word_1_482' title='bbox 341 2335 471 2372; x_wconf 86' lang='lat' dir='ltr'>futuris</span> <span class='ocrx_word' id='word_1_483' title='bbox 491 2336 686 2384; x_wconf 87' lang='lat' dir='ltr'>cogitantis</span> <span class='ocrx_word' id='word_1_484' title='bbox 707 2344 743 2373; x_wconf 88' lang='lat' dir='ltr'>et</span> <span class='ocrx_word' id='word_1_485' title='bbox 763 2335 1014 2374; x_wconf 87' lang='lat' dir='ltr'>deliberantis.</span> <span class='ocrx_word' id='word_1_486' title='bbox 1041 2335 1117 2373; x_wconf 92' lang='lat' dir='ltr'>Sed</span> <span class='ocrx_word' id='word_1_487' title='bbox 1137 2335 1270 2384; x_wconf 88' lang='lat' dir='ltr'>aliquis</span> <span class='ocrx_word' id='word_1_488' title='bbox 1288 2335 1404 2372; x_wconf 90' lang='lat' dir='ltr'>timor</span> 
     </span>
     <span class='ocr_line' id='line_1_76' title="bbox 344 2389 1404 2439; baseline 0 -14"><span class='ocrx_word' id='word_1_489' title='bbox 344 2395 398 2425; x_wconf 92' lang='lat' dir='ltr'>est</span> <span class='ocrx_word' id='word_1_490' title='bbox 427 2390 617 2426; x_wconf 85' lang='lat' dir='ltr'>excutiens</span> <span class='ocrx_word' id='word_1_491' title='bbox 645 2390 821 2439; x_wconf 81' lang='lat' dir='ltr'>cogitata,</span> <span class='ocrx_word' id='word_1_492' title='bbox 852 2395 888 2426; x_wconf 84' lang='lat' dir='ltr'>et</span> <span class='ocrx_word' id='word_1_493' title='bbox 913 2394 1075 2426; x_wconf 85' lang='lat' dir='ltr'>mentem</span> <span class='ocrx_word' id='word_1_494' title='bbox 1103 2401 1126 2426; x_wconf 90' lang='lat' dir='ltr'>a</span> <span class='ocrx_word' id='word_1_495' title='bbox 1153 2401 1221 2425; x_wconf 87' lang='lat' dir='ltr'>suo</span> <span class='ocrx_word' id='word_1_496' title='bbox 1247 2389 1327 2426; x_wconf 89' lang='lat' dir='ltr'>loco</span> <span class='ocrx_word' id='word_1_497' title='bbox 1347 2401 1404 2425; x_wconf 89' lang='lat' dir='ltr'>re-</span> 
     </span>
     <span class='ocr_line' id='line_1_77' title="bbox 340 2440 1403 2488; baseline 0.001 -11"><span class='ocrx_word' id='word_1_498' title='bbox 340 2446 474 2487; x_wconf 76' lang='lat' dir='ltr'>movet,</span> <span class='ocrx_word' id='word_1_499' title='bbox 486 2449 527 2478; x_wconf 91' lang='lat' dir='ltr'>ut</span> <span class='ocrx_word' id='word_1_500' title='bbox 537 2442 685 2479; x_wconf 91' lang='lat' dir='ltr'>Tullius</span> <span class='ocrx_word' id='word_1_501' title='bbox 700 2442 799 2488; x_wconf 90' lang='lat' dir='ltr'>dicit,</span> <span class='ocrx_word' id='word_1_502' title='bbox 816 2442 855 2479; x_wconf 93' lang='lat' dir='ltr'>in</span> <span class='ocrx_word' id='word_1_503' title='bbox 870 2442 922 2479; x_wconf 89' lang='lat' dir='ltr'>IV</span> <span class='ocrx_word' id='word_1_504' title='bbox 931 2442 976 2478; x_wconf 88' lang='lat' dir='ltr'>de</span> <span class='ocrx_word' id='word_1_505' title='bbox 994 2441 1214 2479; x_wconf 82' lang='lat' dir='ltr'>Tusculanis</span> <span class='ocrx_word' id='word_1_506' title='bbox 1229 2440 1403 2483; x_wconf 53' lang='lat' dir='ltr'>Quaestfl‘</span> 
     </span>
     <span class='ocr_line' id='line_1_78' title="bbox 341 2494 1403 2542; baseline 0.001 -12"><span class='ocrx_word' id='word_1_507' title='bbox 341 2494 442 2541; x_wconf 88' lang='lat' dir='ltr'>Ergo</span> <span class='ocrx_word' id='word_1_508' title='bbox 463 2494 577 2532; x_wconf 91' lang='lat' dir='ltr'>timor</span> <span class='ocrx_word' id='word_1_509' title='bbox 605 2507 684 2532; x_wconf 92' lang='lat' dir='ltr'>non</span> <span class='ocrx_word' id='word_1_510' title='bbox 711 2495 799 2533; x_wconf 85' lang='lat' dir='ltr'>facit</span> <span class='ocrx_word' id='word_1_511' title='bbox 818 2494 1086 2542; x_wconf 87' lang='lat' dir='ltr'>consiliativos,</span> <span class='ocrx_word' id='word_1_512' title='bbox 1108 2494 1174 2532; x_wconf 89' lang='lat' dir='ltr'>sed</span> <span class='ocrx_word' id='word_1_513' title='bbox 1194 2495 1314 2542; x_wconf 90' lang='lat' dir='ltr'>magis</span> <span class='ocrx_word' id='word_1_514' title='bbox 1334 2494 1403 2531; x_wconf 91' lang='lat' dir='ltr'>im-</span> 
     </span>
     <span class='ocr_line' id='line_1_79' title="bbox 339 2546 683 2596; baseline 0.012 -14"><span class='ocrx_word' id='word_1_515' title='bbox 339 2546 444 2596; x_wconf 90' lang='lat' dir='ltr'>pedit</span> <span class='ocrx_word' id='word_1_516' title='bbox 473 2548 683 2586; x_wconf 89' lang='lat' dir='ltr'>consilium.</span> 
     </span>
    </p>

    <p class='ocr_par' dir='ltr' id='par_1_28' title="bbox 339 2598 1405 2862">
     <span class='ocr_line' id='line_1_80' title="bbox 396 2598 1404 2650; baseline 0 -14"><span class='ocrx_word' id='word_1_517' title='bbox 396 2601 429 2636; x_wconf 91' lang='lat'>3.</span> <span class='ocrx_word' id='word_1_518' title='bbox 459 2601 691 2650; x_wconf 79' lang='lat' dir='ltr'>PRAETEREA,</span> <span class='ocrx_word' id='word_1_519' title='bbox 722 2601 816 2638; x_wconf 89' lang='lat' dir='ltr'>sicut</span> <span class='ocrx_word' id='word_1_520' title='bbox 842 2599 1040 2637; x_wconf 88' lang='lat' dir='ltr'>consilium</span> <span class='ocrx_word' id='word_1_521' title='bbox 1060 2599 1261 2637; x_wconf 88' lang='lat' dir='ltr'>adhibetur</span> <span class='ocrx_word' id='word_1_522' title='bbox 1281 2599 1330 2637; x_wconf 88' lang='lat' dir='ltr'>ad</span> <span class='ocrx_word' id='word_1_523' title='bbox 1348 2598 1404 2638; x_wconf 90' lang='lat' dir='ltr'>vi-</span> 
     </span>
     <span class='ocr_line' id='line_1_81' title="bbox 340 2652 1405 2701; baseline 0.002 -12"><span class='ocrx_word' id='word_1_524' title='bbox 340 2653 455 2690; x_wconf 88' lang='lat' dir='ltr'>tanda</span> <span class='ocrx_word' id='word_1_525' title='bbox 483 2655 595 2701; x_wconf 86' lang='lat' dir='ltr'>mala,</span> <span class='ocrx_word' id='word_1_526' title='bbox 625 2654 675 2691; x_wconf 91' lang='lat' dir='ltr'>ita</span> <span class='ocrx_word' id='word_1_527' title='bbox 705 2654 817 2691; x_wconf 89' lang='lat' dir='ltr'>etiam</span> <span class='ocrx_word' id='word_1_528' title='bbox 842 2653 1044 2691; x_wconf 87' lang='lat' dir='ltr'>adhibetur</span> <span class='ocrx_word' id='word_1_529' title='bbox 1063 2652 1112 2690; x_wconf 91' lang='lat' dir='ltr'>ad</span> <span class='ocrx_word' id='word_1_530' title='bbox 1132 2653 1405 2701; x_wconf 89' lang='lat' dir='ltr'>consequenda</span> 
     </span>
     <span class='ocr_line' id='line_1_82' title="bbox 339 2705 1405 2753; baseline 0.001 -11"><span class='ocrx_word' id='word_1_531' title='bbox 339 2706 453 2742; x_wconf 91' lang='lat' dir='ltr'>bona.</span> <span class='ocrx_word' id='word_1_532' title='bbox 485 2707 562 2744; x_wconf 93' lang='lat' dir='ltr'>Sed</span> <span class='ocrx_word' id='word_1_533' title='bbox 591 2707 686 2744; x_wconf 92' lang='lat' dir='ltr'>sicut</span> <span class='ocrx_word' id='word_1_534' title='bbox 712 2707 827 2744; x_wconf 90' lang='lat' dir='ltr'>timor</span> <span class='ocrx_word' id='word_1_535' title='bbox 856 2714 911 2743; x_wconf 92' lang='lat' dir='ltr'>est</span> <span class='ocrx_word' id='word_1_536' title='bbox 940 2707 986 2744; x_wconf 89' lang='lat' dir='ltr'>de</span> <span class='ocrx_word' id='word_1_537' title='bbox 1016 2705 1125 2743; x_wconf 91' lang='lat' dir='ltr'>malis</span> <span class='ocrx_word' id='word_1_538' title='bbox 1153 2706 1329 2753; x_wconf 87' lang='lat' dir='ltr'>vitandis,</span> <span class='ocrx_word' id='word_1_539' title='bbox 1355 2705 1405 2743; x_wconf 89' lang='lat' dir='ltr'>ita</span> 
     </span>
     <span class='ocr_line' id='line_1_83' title="bbox 341 2759 1405 2809; baseline 0.002 -15"><span class='ocrx_word' id='word_1_540' title='bbox 341 2771 427 2807; x_wconf 92' lang='lat' dir='ltr'>spes</span> <span class='ocrx_word' id='word_1_541' title='bbox 448 2767 503 2796; x_wconf 90' lang='lat' dir='ltr'>est</span> <span class='ocrx_word' id='word_1_542' title='bbox 528 2759 576 2797; x_wconf 91' lang='lat' dir='ltr'>de</span> <span class='ocrx_word' id='word_1_543' title='bbox 596 2760 706 2798; x_wconf 90' lang='lat' dir='ltr'>bonis</span> <span class='ocrx_word' id='word_1_544' title='bbox 733 2759 1022 2809; x_wconf 88' lang='lat' dir='ltr'>consequendis.</span> <span class='ocrx_word' id='word_1_545' title='bbox 1054 2760 1156 2807; x_wconf 89' lang='lat' dir='ltr'>Ergo</span> <span class='ocrx_word' id='word_1_546' title='bbox 1185 2759 1298 2797; x_wconf 90' lang='lat' dir='ltr'>timor</span> <span class='ocrx_word' id='word_1_547' title='bbox 1326 2771 1405 2796; x_wconf 91' lang='lat' dir='ltr'>non</span> 
     </span>
     <span class='ocr_line' id='line_1_84' title="bbox 340 2811 1131 2862; baseline 0.001 -15"><span class='ocrx_word' id='word_1_548' title='bbox 340 2811 426 2848; x_wconf 88' lang='lat' dir='ltr'>facit</span> <span class='ocrx_word' id='word_1_549' title='bbox 453 2813 573 2861; x_wconf 88' lang='lat' dir='ltr'>magis</span> <span class='ocrx_word' id='word_1_550' title='bbox 603 2813 859 2850; x_wconf 88' lang='lat' dir='ltr'>consiliativos</span> <span class='ocrx_word' id='word_1_551' title='bbox 888 2825 1004 2862; x_wconf 90' lang='lat' dir='ltr'>quam</span> <span class='ocrx_word' id='word_1_552' title='bbox 1033 2824 1131 2860; x_wconf 91' lang='lat' dir='ltr'>spes.</span> 
     </span>
    </p>

    <p class='ocr_par' dir='ltr' id='par_1_29' title="bbox 342 2863 1403 2969">
     <span class='ocr_line' id='line_1_85' title="bbox 396 2863 1403 2915; baseline -0.001 -13"><span class='ocrx_word' id='word_1_553' title='bbox 396 2865 469 2902; x_wconf 84' lang='lat' dir='ltr'>SED</span> <span class='ocrx_word' id='word_1_554' title='bbox 500 2878 645 2903; x_wconf 81' lang='lat' dir='ltr'>CONTRA</span> <span class='ocrx_word' id='word_1_555' title='bbox 672 2878 738 2904; x_wconf 87' lang='lat' dir='ltr'>EST</span> <span class='ocrx_word' id='word_1_556' title='bbox 770 2866 876 2915; x_wconf 91' lang='lat' dir='ltr'>quod</span> <span class='ocrx_word' id='word_1_557' title='bbox 901 2865 1157 2914; x_wconf 90' lang='lat' dir='ltr'>Philosophus</span> <span class='ocrx_word' id='word_1_558' title='bbox 1186 2863 1283 2912; x_wconf 88' lang='lat' dir='ltr'>dicit,</span> <span class='ocrx_word' id='word_1_559' title='bbox 1305 2864 1343 2901; x_wconf 93' lang='lat' dir='ltr'>in</span> <span class='ocrx_word' id='word_1_560' title='bbox 1373 2865 1403 2902; x_wconf 94' lang='lat' dir='ltr'>II</span> 
     </span>
     <span class='ocr_line' id='line_1_86' title="bbox 342 2918 1265 2969; baseline 0.002 -15"><span class='ocrx_word' id='word_1_561' title='bbox 342 2918 531 2955; x_wconf 84' lang='lat' dir='ltr'>Rhetoric.</span> <span class='ocrx_word' id='word_1_562' title='bbox 552 2918 583 2967; x_wconf 80' lang='lat'>*,</span> <span class='ocrx_word' id='word_1_563' title='bbox 613 2920 719 2969; x_wconf 93' lang='lat' dir='ltr'>quod</span> <span class='ocrx_word' id='word_1_564' title='bbox 747 2919 859 2957; x_wconf 88' lang='lat' dir='ltr'>timor</span> <span class='ocrx_word' id='word_1_565' title='bbox 886 2918 1138 2956; x_wconf 76' lang='lat' dir='ltr'>consiliativos</span> <span class='ocrx_word' id='word_1_566' title='bbox 1154 2918 1265 2967; x_wconf 85' lang='lat' dir='ltr'>facit.</span> 
     </span>
    </p>

    <p class='ocr_par' dir='ltr' id='par_1_30' title="bbox 342 2969 1409 3286">
     <span class='ocr_line' id='line_1_87' title="bbox 395 2969 1405 3022; baseline 0 -15"><span class='ocrx_word' id='word_1_567' title='bbox 395 2971 620 3009; x_wconf 84' lang='lat' dir='ltr'>RESPONDEO</span> <span class='ocrx_word' id='word_1_568' title='bbox 649 2984 833 3009; x_wconf 80' lang='lat' dir='ltr'><strong>DICENDUM</strong></span> <span class='ocrx_word' id='word_1_569' title='bbox 866 2972 971 3022; x_wconf 91' lang='lat' dir='ltr'>quod</span> <span class='ocrx_word' id='word_1_570' title='bbox 1009 2970 1141 3021; x_wconf 88' lang='lat' dir='ltr'>aliquis</span> <span class='ocrx_word' id='word_1_571' title='bbox 1177 2978 1304 3021; x_wconf 87' lang='lat' dir='ltr'>potest</span> <span class='ocrx_word' id='word_1_572' title='bbox 1334 2969 1405 3008; x_wconf 93' lang='lat' dir='ltr'>dici</span> 
     </span>
     <span class='ocr_line' id='line_1_88' title="bbox 344 3023 1404 3074; baseline 0.002 -15"><span class='ocrx_word' id='word_1_573' title='bbox 344 3023 600 3062; x_wconf 87' lang='lat' dir='ltr'>consiliativus</span> <span class='ocrx_word' id='word_1_574' title='bbox 636 3025 842 3074; x_wconf 90' lang='lat' dir='ltr'>dupliciter.</span> <span class='ocrx_word' id='word_1_575' title='bbox 873 3025 960 3065; x_wconf 92' lang='lat' dir='ltr'>Uno</span> <span class='ocrx_word' id='word_1_576' title='bbox 990 3024 1131 3072; x_wconf 89' lang='lat' dir='ltr'>modo,</span> <span class='ocrx_word' id='word_1_577' title='bbox 1160 3037 1183 3062; x_wconf 90' lang='lat' dir='ltr'>a</span> <span class='ocrx_word' id='word_1_578' title='bbox 1210 3025 1404 3062; x_wconf 89' lang='lat' dir='ltr'>voluntate</span> 
     </span>
     <span class='ocr_line' id='line_1_89' title="bbox 342 3077 1406 3116; baseline 0.002 -4"><span class='ocrx_word' id='word_1_579' title='bbox 342 3087 410 3112; x_wconf 87' lang='lat' dir='ltr'>seu</span> <span class='ocrx_word' id='word_1_580' title='bbox 439 3077 689 3114; x_wconf 89' lang='lat' dir='ltr'>sollicitudine</span> <span class='ocrx_word' id='word_1_581' title='bbox 723 3078 956 3116; x_wconf 90' lang='lat' dir='ltr'>consiliandi.</span> <span class='ocrx_word' id='word_1_582' title='bbox 983 3077 1032 3115; x_wconf 89' lang='lat' dir='ltr'>Et</span> <span class='ocrx_word' id='word_1_583' title='bbox 1059 3077 1112 3116; x_wconf 92' lang='lat' dir='ltr'>sic</span> <span class='ocrx_word' id='word_1_584' title='bbox 1141 3077 1257 3115; x_wconf 84' lang='lat' dir='ltr'>timor</span> <span class='ocrx_word' id='word_1_585' title='bbox 1285 3077 1406 3115; x_wconf 88' lang='lat' dir='ltr'>consi-</span> 
     </span>
     <span class='ocr_line' id='line_1_90' title="bbox 342 3128 1406 3181; baseline 0.002 -16"><span class='ocrx_word' id='word_1_586' title='bbox 342 3128 489 3167; x_wconf 89' lang='lat' dir='ltr'>liativos</span> <span class='ocrx_word' id='word_1_587' title='bbox 518 3130 616 3168; x_wconf 88' lang='lat' dir='ltr'>facit.</span> <span class='ocrx_word' id='word_1_588' title='bbox 638 3130 749 3178; x_wconf 85' lang='lat' dir='ltr'>Quia,</span> <span class='ocrx_word' id='word_1_589' title='bbox 771 3139 812 3167; x_wconf 92' lang='lat' dir='ltr'>ut</span> <span class='ocrx_word' id='word_1_590' title='bbox 832 3131 1088 3181; x_wconf 88' lang='lat' dir='ltr'>Philosophus</span> <span class='ocrx_word' id='word_1_591' title='bbox 1116 3130 1155 3168; x_wconf 89' lang='lat' dir='ltr'>in</span> <span class='ocrx_word' id='word_1_592' title='bbox 1179 3131 1230 3167; x_wconf 91' lang='lat' dir='ltr'>III</span> <span class='ocrx_word' id='word_1_593' title='bbox 1250 3131 1369 3169; x_wconf 85' lang='lat' dir='ltr'>Ethic.</span> <span class='ocrx_word' id='word_1_594' title='bbox 1385 3130 1406 3152; x_wconf 69' lang='lat'>’¹‘</span> 
     </span>
     <span class='ocr_line' id='line_1_91' title="bbox 344 3182 1409 3234; baseline 0.002 -16"><span class='ocrx_word' id='word_1_595' title='bbox 344 3182 450 3230; x_wconf 90' lang='lat' dir='ltr'>dicit,</span> <span class='ocrx_word' id='word_1_596' title='bbox 487 3183 732 3221; x_wconf 86' lang='lat' dir='ltr'>consiliamur</span> <span class='ocrx_word' id='word_1_597' title='bbox 764 3185 810 3220; x_wconf 85' lang='lat' dir='ltr'>de</span> <span class='ocrx_word' id='word_1_598' title='bbox 842 3185 1013 3234; x_wconf 82' lang='lat' dir='ltr'>magnis,</span> <span class='ocrx_word' id='word_1_599' title='bbox 1053 3185 1089 3222; x_wconf 90' lang='lat' dir='ltr'>in</span> <span class='ocrx_word' id='word_1_600' title='bbox 1128 3184 1262 3233; x_wconf 85' lang='lat' dir='ltr'>quibus</span> <span class='ocrx_word' id='word_1_601' title='bbox 1299 3184 1409 3232; x_wconf 84' lang='lat' dir='ltr'>quasi</span> 
     </span>
     <span class='ocr_line' id='line_1_92' title="bbox 343 3236 1405 3286; baseline 0.003 -15"><span class='ocrx_word' id='word_1_602' title='bbox 343 3236 448 3272; x_wconf 84' lang='lat' dir='ltr'>nohis</span> <span class='ocrx_word' id='word_1_603' title='bbox 474 3237 560 3285; x_wconf 85' lang='lat' dir='ltr'>ipsis</span> <span class='ocrx_word' id='word_1_604' title='bbox 584 3237 837 3284; x_wconf 86' lang='lat' dir='ltr'>discredimus.</span> <span class='ocrx_word' id='word_1_605' title='bbox 861 3237 918 3273; x_wconf 91' lang='lat' dir='ltr'>Ea</span> <span class='ocrx_word' id='word_1_606' title='bbox 947 3245 1073 3274; x_wconf 89' lang='lat' dir='ltr'>autem</span> <span class='ocrx_word' id='word_1_607' title='bbox 1104 3249 1202 3286; x_wconf 88' lang='lat' dir='ltr'>quae</span> <span class='ocrx_word' id='word_1_608' title='bbox 1226 3236 1405 3274; x_wconf 86' lang='lat' dir='ltr'>timorem</span> 
     </span>
    </p>
   </div>
   <div class='ocr_carea' id='block_1_25' title="bbox 353 1931 372 1970">
    <p class='ocr_par' dir='ltr' id='par_1_31' title="bbox 353 1931 372 1970">
     <span class='ocr_line' id='line_1_93' title="bbox 353 1931 372 1970; baseline 0 2182"><span class='ocrx_word' id='word_1_609' title='bbox 353 1931 372 1970; x_wconf 95' lang='lat' dir='ltr'> </span> 
     </span>
    </p>
   </div>
   <div class='ocr_carea' id='block_1_26' title="bbox 1456 1895 2623 1976">
    <p class='ocr_par' dir='ltr' id='par_1_32' title="bbox 1456 1895 2623 1976">
     <span class='ocr_line' id='line_1_94' title="bbox 1456 1895 2623 1976; baseline 0.007 -28"><span class='ocrx_word' id='word_1_610' title='bbox 1456 1911 1746 1963; x_wconf 86' lang='lat' dir='ltr'>prehenduntur</span> <span class='ocrx_word' id='word_1_611' title='bbox 1772 1919 1814 1949; x_wconf 88' lang='lat' dir='ltr'>ut</span> <span class='ocrx_word' id='word_1_612' title='bbox 1841 1925 1939 1961; x_wconf 90' lang='lat' dir='ltr'>quae</span> <span class='ocrx_word' id='word_1_613' title='bbox 1969 1912 2168 1951; x_wconf 88' lang='lat' dir='ltr'>difficiliter</span> <span class='ocrx_word' id='word_1_614' title='bbox 2187 1914 2317 1963; x_wconf 79' lang='lat' dir='ltr'>repelli</span> <span class='ocrx_word' id='word_1_615' title='bbox 2343 1914 2521 1976; x_wconf 56' lang='lat' dir='ltr'>possuntj</span> <span class='ocrx_word' id='word_1_616' title='bbox 2545 1957 2554 1961; x_wconf 70' lang='grc'>,</span> <span class='ocrx_word' id='word_1_617' title='bbox 2583 1954 2585 1956; x_wconf 81' lang='grc'>.</span> <span class='ocrx_word' id='word_1_618' title='bbox 2610 1895 2623 1965; x_wconf 39' lang='grc' dir='ltr'>,ι</span> 
     </span>
    </p>
   </div>
   <div class='ocr_carea' id='block_1_27' title="bbox 2548 1107 2761 1161">
    <p class='ocr_par' dir='ltr' id='par_1_33' title="bbox 2548 1107 2761 1161">
     <span class='ocr_line' id='line_1_95' title="bbox 2548 1107 2761 1130; baseline 0.005 -1"><span class='ocrx_word' id='word_1_619' title='bbox 2548 1108 2559 1118; x_wconf 82' lang='lat'>⁸</span> <span class='ocrx_word' id='word_1_620' title='bbox 2583 1107 2716 1130; x_wconf 57' lang='lat' dir='ltr'>contractis</span> <span class='ocrx_word' id='word_1_621' title='bbox 2723 1123 2730 1130; x_wconf 89' lang='lat'>.</span> <span class='ocrx_word' id='word_1_622' title='bbox 2738 1122 2745 1129; x_wconf 84' lang='lat'>.</span> <span class='ocrx_word' id='word_1_623' title='bbox 2754 1123 2761 1130; x_wconf 89' lang='lat'>.</span> 
     </span>
     <span class='ocr_line' id='line_1_96' title="bbox 2549 1134 2696 1161; baseline 0.014 -7"><span class='ocrx_word' id='word_1_624' title='bbox 2549 1134 2673 1161; x_wconf 69' lang='lat' dir='ltr'>spiritibus</span> <span class='ocrx_word' id='word_1_625' title='bbox 2681 1134 2696 1156; x_wconf 70' lang='lat' dir='ltr'><em>P</em></span> 
     </span>
    </p>
   </div>
   <div class='ocr_carea' id='block_1_28' title="bbox 1458 1961 2663 2028">
    <p class='ocr_par' dir='ltr' id='par_1_34' title="bbox 1458 1951 2753 2028">
     <span class='ocr_line' id='line_1_97' title="bbox 1458 1961 2663 2028; baseline -0.009 -24"><span class='ocrx_word' id='word_1_626' title='bbox 1458 1973 1540 2003; x_wconf 89' lang='lat' dir='ltr'>tum</span> <span class='ocrx_word' id='word_1_627' title='bbox 1569 1965 1684 2002; x_wconf 89' lang='lat' dir='ltr'>etiam</span> <span class='ocrx_word' id='word_1_628' title='bbox 1713 1962 1801 2014; x_wconf 89' lang='lat' dir='ltr'>quia</span> <span class='ocrx_word' id='word_1_629' title='bbox 1826 1966 2164 2015; x_wconf 85' lang='lat' dir='ltr'>apprehenduntur</span> <span class='ocrx_word' id='word_1_630' title='bbox 2181 1975 2223 2005; x_wconf 94' lang='lat' dir='ltr'>ut</span> <span class='ocrx_word' id='word_1_631' title='bbox 2242 1966 2290 2004; x_wconf 91' lang='lat' dir='ltr'>de</span> <span class='ocrx_word' id='word_1_632' title='bbox 2307 1979 2523 2028; x_wconf 39' lang='lat' dir='ltr'>prom-9331).</span> <span class='ocrx_word' id='word_1_633' title='bbox 2546 1961 2663 1993; x_wconf 47' lang='lat' dir='ltr'>..mis-,2-</span> 
     </span>
    </p>
   </div>
   <div class='ocr_carea' id='block_1_29' title="bbox 1457 2017 2523 2123">
    <p class='ocr_par' dir='ltr' id='par_1_35' title="bbox 1457 2017 2523 2123">
     <span class='ocr_line' id='line_1_98' title="bbox 1458 2017 2523 2079; baseline 0.006 -25"><span class='ocrx_word' id='word_1_634' title='bbox 1458 2018 1612 2065; x_wconf 85' lang='lat' dir='ltr'>stentia,</span> <span class='ocrx_word' id='word_1_635' title='bbox 1643 2017 1739 2055; x_wconf 91' lang='lat' dir='ltr'>sicut</span> <span class='ocrx_word' id='word_1_636' title='bbox 1770 2018 1846 2055; x_wconf 88' lang='lat' dir='ltr'>iarn</span> <span class='ocrx_word' id='word_1_637' title='bbox 1872 2017 1893 2040; x_wconf 76' lang='lat'>²¹²</span> <span class='ocrx_word' id='word_1_638' title='bbox 1922 2018 2065 2057; x_wconf 89' lang='lat' dir='ltr'>dictum</span> <span class='ocrx_word' id='word_1_639' title='bbox 2101 2027 2167 2057; x_wconf 88' lang='lat' dir='ltr'>est.</span> <span class='ocrx_word' id='word_1_640' title='bbox 2196 2018 2309 2062; x_wconf 89' lang='lat' dir='ltr'>Unde</span> <span class='ocrx_word' id='word_1_641' title='bbox 2347 2021 2523 2079; x_wconf 67' lang='lat' dir='ltr'>homines</span> 
     </span>
     <span class='ocr_line' id='line_1_99' title="bbox 1457 2070 2488 2123; baseline 0.005 -16"><span class='ocrx_word' id='word_1_642' title='bbox 1457 2071 1623 2108; x_wconf 84' lang='lat' dir='ltr'>maxime</span> <span class='ocrx_word' id='word_1_643' title='bbox 1662 2071 1701 2108; x_wconf 90' lang='lat' dir='ltr'>in</span> <span class='ocrx_word' id='word_1_644' title='bbox 1735 2070 1938 2109; x_wconf 81' lang='lat' dir='ltr'>&#39;timoribus</span> <span class='ocrx_word' id='word_1_645' title='bbox 1975 2081 2163 2121; x_wconf 88' lang='lat' dir='ltr'>quaerunt</span> <span class='ocrx_word' id='word_1_646' title='bbox 2201 2070 2403 2113; x_wconf 80' lang='lat' dir='ltr'>consiliari.</span> <span class='ocrx_word' id='word_1_647' title='bbox 2420 2110 2430 2123; x_wconf 22' lang='grc' dir='ltr'><em>ἃ</em></span> <span class='ocrx_word' id='word_1_648' title='bbox 2448 2110 2458 2117; x_wconf 62' lang='lat'><em>,</em></span> <span class='ocrx_word' id='word_1_649' title='bbox 2486 2074 2488 2079; x_wconf 80' lang='grc'>’</span> 
     </span>
    </p>
   </div>
   <div class='ocr_carea' id='block_1_30' title="bbox 1458 2116 2718 2238">
    <p class='ocr_par' dir='ltr' id='par_1_36' title="bbox 1458 2116 2718 2238">
     <span class='ocr_line' id='line_1_100' title="bbox 1511 2116 2718 2185; baseline 0.007 -25"><span class='ocrx_word' id='word_1_650' title='bbox 1511 2124 1596 2161; x_wconf 90' lang='lat' dir='ltr'>Alio</span> <span class='ocrx_word' id='word_1_651' title='bbox 1617 2124 1735 2161; x_wconf 91' lang='lat' dir='ltr'>modo</span> <span class='ocrx_word' id='word_1_652' title='bbox 1766 2124 1900 2162; x_wconf 92' lang='lat' dir='ltr'>dicitur</span> <span class='ocrx_word' id='word_1_653' title='bbox 1920 2123 2053 2174; x_wconf 88' lang='lat' dir='ltr'>aliquis</span> <span class='ocrx_word' id='word_1_654' title='bbox 2078 2125 2346 2176; x_wconf 82' lang='lat' dir='ltr'>consiliativus‚</span> <span class='ocrx_word' id='word_1_655' title='bbox 2367 2119 2394 2165; x_wconf 73' lang='lat' dir='ltr'>a</span> <span class='ocrx_word' id='word_1_656' title='bbox 2408 2116 2524 2185; x_wconf 67' lang='lat' dir='ltr'>facitis</span> <span class='ocrx_word' id='word_1_657' title='bbox 2713 2162 2718 2173; x_wconf 73' lang='grc'>,</span> 
     </span>
     <span class='ocr_line' id='line_1_101' title="bbox 1458 2177 2648 2238; baseline 0.007 -25"><span class='ocrx_word' id='word_1_658' title='bbox 1458 2184 1531 2213; x_wconf 89' lang='lat' dir='ltr'>tate</span> <span class='ocrx_word' id='word_1_659' title='bbox 1551 2177 1650 2214; x_wconf 88' lang='lat' dir='ltr'>bene</span> <span class='ocrx_word' id='word_1_660' title='bbox 1671 2177 1903 2215; x_wconf 89' lang='lat' dir='ltr'>consiliandi.</span> <span class='ocrx_word' id='word_1_661' title='bbox 1926 2178 1975 2216; x_wconf 91' lang='lat' dir='ltr'>Et</span> <span class='ocrx_word' id='word_1_662' title='bbox 1994 2177 2047 2215; x_wconf 91' lang='lat' dir='ltr'>sic</span> <span class='ocrx_word' id='word_1_663' title='bbox 2069 2191 2142 2216; x_wconf 92' lang='lat' dir='ltr'>nec</span> <span class='ocrx_word' id='word_1_664' title='bbox 2161 2178 2295 2229; x_wconf 79' lang='lat' dir='ltr'>timor,</span> <span class='ocrx_word' id='word_1_665' title='bbox 2308 2187 2379 2219; x_wconf 87' lang='lat' dir='ltr'>nec</span> <span class='ocrx_word' id='word_1_666' title='bbox 2398 2179 2524 2238; x_wconf 52' lang='lat' dir='ltr'>aliqga</span> <span class='ocrx_word' id='word_1_667' title='bbox 2545 2188 2648 2208; x_wconf 44' lang='lat'>³⁰⁸¹*</span> 
     </span>
    </p>
   </div>
   <div class='ocr_carea' id='block_1_31' title="bbox 2549 2026 2761 2055">
    <p class='ocr_par' dir='ltr' id='par_1_37' title="bbox 2549 2026 2761 2055">
     <span class='ocr_line' id='line_1_102' title="bbox 2549 2026 2761 2055; baseline -0.005 -7"><span class='ocrx_word' id='word_1_668' title='bbox 2549 2026 2560 2038; x_wconf 82' lang='lat'>⁴¹</span> <span class='ocrx_word' id='word_1_669' title='bbox 2571 2026 2620 2055; x_wconf 80' lang='lat' dir='ltr'>Qu.</span> <span class='ocrx_word' id='word_1_670' title='bbox 2629 2031 2682 2054; x_wconf 73' lang='lat' dir='ltr'>xm,</span> <span class='ocrx_word' id='word_1_671' title='bbox 2689 2029 2732 2048; x_wconf 75' lang='lat' dir='ltr'>nrt.</span> <span class='ocrx_word' id='word_1_672' title='bbox 2739 2031 2761 2048; x_wconf 74' lang='lat'>2.</span> 
     </span>
    </p>
   </div>
   <div class='ocr_carea' id='block_1_32' title="bbox 2671 2161 2753 2205">
    <p class='ocr_par' dir='ltr' id='par_1_38' title="bbox 2671 2161 2753 2205">
     <span class='ocr_line' id='line_1_103' title="bbox 2683 2161 2753 2175; baseline 0 0"><span class='ocrx_word' id='word_1_673' title='bbox 2683 2161 2753 2175; x_wconf 54' lang='lat' dir='ltr'>.s..*</span> 
     </span>
     <span class='ocr_line' id='line_1_104' title="bbox 2671 2183 2734 2205; baseline 0.016 -4"><span class='ocrx_word' id='word_1_674' title='bbox 2671 2183 2734 2205; x_wconf 57' lang='lat' dir='ltr'>AM..</span> 
     </span>
    </p>
   </div>
   <div class='ocr_carea' id='block_1_33' title="bbox 1457 2229 2662 2282">
    <p class='ocr_par' dir='ltr' id='par_1_39' title="bbox 1457 2229 2662 2282">
     <span class='ocr_line' id='line_1_105' title="bbox 1457 2229 2662 2282; baseline 0.003 -15"><span class='ocrx_word' id='word_1_675' title='bbox 1457 2229 1584 2279; x_wconf 86' lang='lat' dir='ltr'>passio</span> <span class='ocrx_word' id='word_1_676' title='bbox 1614 2230 1870 2268; x_wconf 87' lang='lat' dir='ltr'>consiliativ0s</span> <span class='ocrx_word' id='word_1_677' title='bbox 1895 2230 1993 2268; x_wconf 89' lang='lat' dir='ltr'>facit.</span> <span class='ocrx_word' id='word_1_678' title='bbox 2015 2231 2116 2279; x_wconf 89' lang='lat' dir='ltr'>Quia</span> <span class='ocrx_word' id='word_1_679' title='bbox 2134 2231 2523 2282; x_wconf 27' lang='lat' dir='ltr'>hominiffaffectofse-</span> <span class='ocrx_word' id='word_1_680' title='bbox 2620 2273 2631 2281; x_wconf 18' lang='lat' dir='ltr'>v,</span> <span class='ocrx_word' id='word_1_681' title='bbox 2651 2268 2662 2281; x_wconf 37' lang='grc' dir='ltr'>Ι.</span> 
     </span>
    </p>
   </div>
   <div class='ocr_carea' id='block_1_34' title="bbox 1458 2275 2523 2767">
    <p class='ocr_par' dir='ltr' id='par_1_40' title="bbox 1458 2275 2523 2660">
     <span class='ocr_line' id='line_1_106' title="bbox 1459 2275 2522 2335; baseline 0.005 -16"><span class='ocrx_word' id='word_1_682' title='bbox 1459 2281 1628 2320; x_wconf 91' lang='lat' dir='ltr'>cundum</span> <span class='ocrx_word' id='word_1_683' title='bbox 1657 2280 1823 2331; x_wconf 87' lang='lat' dir='ltr'>aliquam</span> <span class='ocrx_word' id='word_1_684' title='bbox 1851 2283 2083 2332; x_wconf 87' lang='lat' dir='ltr'>passionem,</span> <span class='ocrx_word' id='word_1_685' title='bbox 2112 2275 2522 2335; x_wconf 58' lang='lat' dir='ltr'>videtur‘aliqUi&#39;d‘yel</span> 
     </span>
     <span class='ocr_line' id='line_1_107' title="bbox 1458 2332 2523 2386; baseline 0.005 -14"><span class='ocrx_word' id='word_1_686' title='bbox 1458 2334 1580 2373; x_wconf 90' lang='lat' dir='ltr'>maius</span> <span class='ocrx_word' id='word_1_687' title='bbox 1602 2336 1666 2373; x_wconf 90' lang='lat' dir='ltr'>vel</span> <span class='ocrx_word' id='word_1_688' title='bbox 1691 2335 1817 2373; x_wconf 88' lang='lat' dir='ltr'>minus</span> <span class='ocrx_word' id='word_1_689' title='bbox 1845 2348 1963 2384; x_wconf 87' lang='lat' dir='ltr'>quam</span> <span class='ocrx_word' id='word_1_690' title='bbox 1991 2336 2359 2386; x_wconf 20' lang='lat' dir='ltr'>sitlsecundumsrei</span> <span class='ocrx_word' id='word_1_691' title='bbox 2386 2332 2523 2377; x_wconf 73' lang='lat' dir='ltr'>verita&#39;-</span> 
     </span>
     <span class='ocr_line' id='line_1_108' title="bbox 1459 2388 2523 2440; baseline 0.005 -15"><span class='ocrx_word' id='word_1_692' title='bbox 1459 2396 1555 2425; x_wconf 90' lang='lat' dir='ltr'>tem:</span> <span class='ocrx_word' id='word_1_693' title='bbox 1589 2388 1684 2426; x_wconf 90' lang='lat' dir='ltr'>sicut</span> <span class='ocrx_word' id='word_1_694' title='bbox 1712 2389 1854 2426; x_wconf 89' lang='lat' dir='ltr'>amanti</span> <span class='ocrx_word' id='word_1_695' title='bbox 1883 2389 2062 2428; x_wconf 83' lang='lat' dir='ltr'>videntur</span> <span class='ocrx_word' id='word_1_696' title='bbox 2090 2402 2135 2427; x_wconf 90' lang='lat' dir='ltr'>ea</span> <span class='ocrx_word' id='word_1_697' title='bbox 2162 2388 2274 2440; x_wconf 66' lang='lat' dir='ltr'>quae&#39;</span> <span class='ocrx_word' id='word_1_698' title='bbox 2291 2390 2412 2439; x_wconf 80' lang='lat' dir='ltr'>amat,</span> <span class='ocrx_word' id='word_1_699' title='bbox 2441 2403 2523 2430; x_wconf 84' lang='lat' dir='ltr'>me-</span> 
     </span>
     <span class='ocr_line' id='line_1_109' title="bbox 1458 2440 2523 2494; baseline 0.005 -16"><span class='ocrx_word' id='word_1_700' title='bbox 1458 2441 1568 2488; x_wconf 90' lang='lat' dir='ltr'>liora;</span> <span class='ocrx_word' id='word_1_701' title='bbox 1599 2449 1633 2478; x_wconf 89' lang='lat' dir='ltr'>et</span> <span class='ocrx_word' id='word_1_702' title='bbox 1661 2441 1824 2491; x_wconf 68' lang='lat' dir='ltr'>timenti,</span> <span class='ocrx_word' id='word_1_703' title='bbox 1855 2454 1898 2480; x_wconf 90' lang='lat' dir='ltr'>ea</span> <span class='ocrx_word' id='word_1_704' title='bbox 1927 2454 2025 2492; x_wconf 90' lang='lat' dir='ltr'>quae</span> <span class='ocrx_word' id='word_1_705' title='bbox 2053 2442 2180 2491; x_wconf 88' lang='lat' dir='ltr'>timet,</span> <span class='ocrx_word' id='word_1_706' title='bbox 2209 2440 2523 2494; x_wconf 55' lang='lat' dir='ltr'>terribiliora.2Et</span> 
     </span>
     <span class='ocr_line' id='line_1_110' title="bbox 1459 2493 2521 2546; baseline 0.004 -15"><span class='ocrx_word' id='word_1_707' title='bbox 1459 2493 1512 2531; x_wconf 90' lang='lat' dir='ltr'>sic</span> <span class='ocrx_word' id='word_1_708' title='bbox 1532 2506 1578 2531; x_wconf 88' lang='lat' dir='ltr'>ex</span> <span class='ocrx_word' id='word_1_709' title='bbox 1599 2493 1747 2531; x_wconf 88' lang='lat' dir='ltr'>defectu</span> <span class='ocrx_word' id='word_1_710' title='bbox 1766 2493 1997 2533; x_wconf 87' lang='lat' dir='ltr'>rectitudinis</span> <span class='ocrx_word' id='word_1_711' title='bbox 2016 2495 2154 2542; x_wconf 85' lang='lat' dir='ltr'>iudicii,</span> <span class='ocrx_word' id='word_1_712' title='bbox 2175 2495 2364 2546; x_wconf 87' lang='lat' dir='ltr'>quaelibet</span> <span class='ocrx_word' id='word_1_713' title='bbox 2382 2496 2521 2546; x_wconf 86' lang='lat' dir='ltr'>passio,</span> 
     </span>
     <span class='ocr_line' id='line_1_111' title="bbox 1460 2546 2523 2607; baseline 0.003 -23"><span class='ocrx_word' id='word_1_714' title='bbox 1460 2554 1646 2597; x_wconf 89' lang='lat' dir='ltr'>quantum</span> <span class='ocrx_word' id='word_1_715' title='bbox 1667 2554 1722 2584; x_wconf 90' lang='lat' dir='ltr'>est</span> <span class='ocrx_word' id='word_1_716' title='bbox 1741 2546 1787 2584; x_wconf 91' lang='lat' dir='ltr'>de</span> <span class='ocrx_word' id='word_1_717' title='bbox 1807 2559 1861 2595; x_wconf 87' lang='lat' dir='ltr'>se,</span> <span class='ocrx_word' id='word_1_718' title='bbox 1890 2547 2048 2596; x_wconf 89' lang='lat' dir='ltr'>impedit</span> <span class='ocrx_word' id='word_1_719' title='bbox 2076 2548 2294 2590; x_wconf 80' lang='lat' dir='ltr'>facultatem</span> <span class='ocrx_word' id='word_1_720' title='bbox 2312 2546 2413 2592; x_wconf 83' lang='lat' dir='ltr'>bene</span> <span class='ocrx_word' id='word_1_721' title='bbox 2433 2561 2523 2607; x_wconf 66' lang='lat' dir='ltr'>con.-</span> 
     </span>
     <span class='ocr_line' id='line_1_112' title="bbox 1458 2597 2512 2660; baseline 0.004 -23"><span class='ocrx_word' id='word_1_722' title='bbox 1458 2599 1617 2639; x_wconf 86' lang='lat' dir='ltr'>siliandi.</span> <span class='ocrx_word' id='word_1_723' title='bbox 2080 2640 2083 2642; x_wconf 66' lang='grc'><strong>,</strong></span> <span class='ocrx_word' id='word_1_724' title='bbox 2291 2604 2297 2629; x_wconf 80' lang='lat'>·&#39;</span> <span class='ocrx_word' id='word_1_725' title='bbox 2440 2639 2445 2641; x_wconf 74' lang='grc'><strong><em>,</em></strong></span> <span class='ocrx_word' id='word_1_726' title='bbox 2456 2598 2482 2660; x_wconf 56' lang='lat'>2]</span> <span class='ocrx_word' id='word_1_727' title='bbox 2493 2639 2496 2643; x_wconf 94' lang='grc'><em>,</em></span> <span class='ocrx_word' id='word_1_728' title='bbox 2507 2597 2512 2641; x_wconf 57' lang='grc' dir='ltr'>ζ</span> 
     </span>
    </p>

    <p class='ocr_par' dir='ltr' id='par_1_41' title="bbox 1513 2652 2510 2706">
     <span class='ocr_line' id='line_1_113' title="bbox 1513 2652 2424 2704; baseline 0.002 -14"><span class='ocrx_word' id='word_1_729' title='bbox 1513 2653 1563 2690; x_wconf 91' lang='lat' dir='ltr'>Et</span> <span class='ocrx_word' id='word_1_730' title='bbox 1588 2664 1658 2702; x_wconf 88' lang='lat' dir='ltr'>per</span> <span class='ocrx_word' id='word_1_731' title='bbox 1685 2652 1760 2689; x_wconf 90' lang='lat' dir='ltr'>hoc</span> <span class='ocrx_word' id='word_1_732' title='bbox 1783 2659 1886 2702; x_wconf 88' lang='lat' dir='ltr'>patet</span> <span class='ocrx_word' id='word_1_733' title='bbox 1913 2653 2111 2702; x_wconf 91' lang='lat' dir='ltr'>responsio</span> <span class='ocrx_word' id='word_1_734' title='bbox 2135 2653 2190 2692; x_wconf 83' lang='lat' dir='ltr'>ad</span> <span class='ocrx_word' id='word_1_735' title='bbox 2222 2654 2400 2704; x_wconf 73' lang='lat' dir='ltr'>primum.</span> <span class='ocrx_word' id='word_1_736' title='bbox 2422 2695 2424 2697; x_wconf 66' lang='lat'>‚</span> 
     </span>
    </p>

    <p class='ocr_par' dir='ltr' id='par_1_42' title="bbox 1513 2700 2523 2767">
     <span class='ocr_line' id='line_1_114' title="bbox 1513 2700 2523 2767; baseline 0.006 -25"><span class='ocrx_word' id='word_1_737' title='bbox 1513 2707 1572 2743; x_wconf 83' lang='lat' dir='ltr'>An</span> <span class='ocrx_word' id='word_1_738' title='bbox 1596 2717 1786 2742; x_wconf 78' lang='lat' dir='ltr'><strong>SECUNDUM</strong></span> <span class='ocrx_word' id='word_1_739' title='bbox 1809 2718 1993 2745; x_wconf 80' lang='lat' dir='ltr'>mcENDUM</span> <span class='ocrx_word' id='word_1_740' title='bbox 2012 2707 2117 2756; x_wconf 88' lang='lat' dir='ltr'>quod</span> <span class='ocrx_word' id='word_1_741' title='bbox 2133 2715 2276 2758; x_wconf 87' lang='lat' dir='ltr'>quanto</span> <span class='ocrx_word' id='word_1_742' title='bbox 2293 2707 2420 2761; x_wconf 77' lang='lat' dir='ltr'>aliqua,</span> <span class='ocrx_word' id='word_1_743' title='bbox 2432 2700 2523 2767; x_wconf 59' lang='lat' dir='ltr'>pas:-</span> 
     </span>
    </p>
   </div>
   <div class='ocr_carea' id='block_1_35' title="bbox 1461 2757 2749 2815">
    <p class='ocr_par' dir='ltr' id='par_1_43' title="bbox 1461 2757 2749 2815">
     <span class='ocr_line' id='line_1_115' title="bbox 1461 2757 2749 2815; baseline 0.004 -20"><span class='ocrx_word' id='word_1_744' title='bbox 1461 2757 1516 2796; x_wconf 91' lang='lat' dir='ltr'>sio</span> <span class='ocrx_word' id='word_1_745' title='bbox 1538 2765 1594 2796; x_wconf 87' lang='lat' dir='ltr'>est</span> <span class='ocrx_word' id='word_1_746' title='bbox 1612 2758 1755 2806; x_wconf 83' lang='lat' dir='ltr'>fortior,</span> <span class='ocrx_word' id='word_1_747' title='bbox 1773 2766 1876 2796; x_wconf 91' lang='lat' dir='ltr'>tanto</span> <span class='ocrx_word' id='word_1_748' title='bbox 1893 2758 2014 2808; x_wconf 88' lang='lat' dir='ltr'>magis</span> <span class='ocrx_word' id='word_1_749' title='bbox 2031 2759 2151 2800; x_wconf 87' lang='lat' dir='ltr'>homo</span> <span class='ocrx_word' id='word_1_750' title='bbox 2168 2761 2380 2810; x_wconf 74' lang='lat' dir='ltr'>secundum</span> <span class='ocrx_word' id='word_1_751' title='bbox 2399 2763 2523 2812; x_wconf 71' lang='lat' dir='ltr'>ipsam</span> <span class='ocrx_word' id='word_1_752' title='bbox 2542 2797 2560 2811; x_wconf 23' lang='lat' dir='ltr'>N.</span> <span class='ocrx_word' id='word_1_753' title='bbox 2715 2806 2725 2815; x_wconf 11' lang='grc' dir='ltr'>,Ἴ</span> <span class='ocrx_word' id='word_1_754' title='bbox 2742 2795 2749 2800; x_wconf 90' lang='grc'>.</span> 
     </span>
    </p>
   </div>
   <div class='ocr_carea' id='block_1_36' title="bbox 1461 2811 2524 2870">
    <p class='ocr_par' dir='ltr' id='par_1_44' title="bbox 1461 2811 2524 2870">
     <span class='ocr_line' id='line_1_116' title="bbox 1461 2811 2524 2870; baseline 0.003 -21"><span class='ocrx_word' id='word_1_755' title='bbox 1461 2811 1631 2859; x_wconf 85' lang='lat' dir='ltr'>affectus,</span> <span class='ocrx_word' id='word_1_756' title='bbox 1661 2811 1875 2861; x_wconf 90' lang='lat' dir='ltr'>impeditur.</span> <span class='ocrx_word' id='word_1_757' title='bbox 1897 2813 1946 2850; x_wconf 94' lang='lat' dir='ltr'>Et</span> <span class='ocrx_word' id='word_1_758' title='bbox 1973 2813 2066 2851; x_wconf 62' lang='lat' dir='ltr'>ideo&gt;</span> <span class='ocrx_word' id='word_1_759' title='bbox 2081 2814 2243 2862; x_wconf 79' lang='lat' dir='ltr'>quando</span> <span class='ocrx_word' id='word_1_760' title='bbox 2268 2811 2386 2863; x_wconf 72' lang='lat' dir='ltr'>timor</span> <span class='ocrx_word' id='word_1_761' title='bbox 2402 2814 2524 2870; x_wconf 57' lang='lat' dir='ltr'>:subiit</span> 
     </span>
    </p>
   </div>
   <div class='ocr_carea' id='block_1_37' title="bbox 1461 2861 2746 2919">
    <p class='ocr_par' dir='ltr' id='par_1_45' title="bbox 1461 2861 2746 2919">
     <span class='ocr_line' id='line_1_117' title="bbox 1461 2861 2746 2919; baseline 0.002 -17"><span class='ocrx_word' id='word_1_762' title='bbox 1461 2865 1583 2914; x_wconf 87' lang='lat' dir='ltr'>fortis,</span> <span class='ocrx_word' id='word_1_763' title='bbox 1617 2864 1700 2902; x_wconf 88' lang='lat' dir='ltr'>vult</span> <span class='ocrx_word' id='word_1_764' title='bbox 1735 2864 1892 2913; x_wconf 91' lang='lat' dir='ltr'>quidem</span> <span class='ocrx_word' id='word_1_765' title='bbox 1927 2866 2048 2904; x_wconf 86' lang='lat' dir='ltr'>homo</span> <span class='ocrx_word' id='word_1_766' title='bbox 2087 2865 2293 2915; x_wconf 83' lang='lat' dir='ltr'>consiliari,</span> <span class='ocrx_word' id='word_1_767' title='bbox 2323 2867 2391 2906; x_wconf 90' lang='lat' dir='ltr'>sed</span> <span class='ocrx_word' id='word_1_768' title='bbox 2424 2861 2581 2915; x_wconf 69' lang='lat' dir='ltr'>adei&gt;</span> <span class='ocrx_word' id='word_1_769' title='bbox 2607 2902 2655 2916; x_wconf 14' lang='lat' dir='ltr'>mr</span> <span class='ocrx_word' id='word_1_770' title='bbox 2711 2916 2713 2919; x_wconf 15' lang='lat' dir='ltr'><em>r</em></span> <span class='ocrx_word' id='word_1_771' title='bbox 2743 2901 2746 2904; x_wconf 70' lang='grc'>,</span> 
     </span>
    </p>
   </div>
   <div class='ocr_carea' id='block_1_38' title="bbox 1459 2916 2521 3233">
    <p class='ocr_par' dir='ltr' id='par_1_46' title="bbox 1459 2916 2521 3233">
     <span class='ocr_line' id='line_1_118' title="bbox 1459 2916 2484 2968; baseline 0.005 -13"><span class='ocrx_word' id='word_1_772' title='bbox 1459 2918 1702 2968; x_wconf 88' lang='lat' dir='ltr'>perturbatur</span> <span class='ocrx_word' id='word_1_773' title='bbox 1719 2916 1758 2956; x_wconf 92' lang='lat' dir='ltr'>in</span> <span class='ocrx_word' id='word_1_774' title='bbox 1777 2917 1854 2957; x_wconf 89' lang='lat' dir='ltr'>suis</span> <span class='ocrx_word' id='word_1_775' title='bbox 1874 2916 2175 2967; x_wconf 87' lang='lat' dir='ltr'>cogitationibus,</span> <span class='ocrx_word' id='word_1_776' title='bbox 2195 2921 2301 2968; x_wconf 93' lang='lat' dir='ltr'>quod</span> <span class='ocrx_word' id='word_1_777' title='bbox 2321 2916 2484 2961; x_wconf 65' lang='lat' dir='ltr'>consiliii*</span> 
     </span>
     <span class='ocr_line' id='line_1_119' title="bbox 1461 2967 2520 3024; baseline 0.005 -15"><span class='ocrx_word' id='word_1_778' title='bbox 1461 2970 1683 3009; x_wconf 88' lang='lat' dir='ltr'>adinvenire</span> <span class='ocrx_word' id='word_1_779' title='bbox 1702 2983 1781 3009; x_wconf 94' lang='lat' dir='ltr'>non</span> <span class='ocrx_word' id='word_1_780' title='bbox 1799 2979 1935 3022; x_wconf 91' lang='lat' dir='ltr'>potest.</span> <span class='ocrx_word' id='word_1_781' title='bbox 1958 2971 1998 3009; x_wconf 86' lang='lat' dir='ltr'>si</span> <span class='ocrx_word' id='word_1_782' title='bbox 2017 2967 2146 3024; x_wconf 81' lang='lat' dir='ltr'>autern</span> <span class='ocrx_word' id='word_1_783' title='bbox 2170 2972 2216 3010; x_wconf 92' lang='lat' dir='ltr'>sit</span> <span class='ocrx_word' id='word_1_784' title='bbox 2234 2986 2377 3022; x_wconf 87' lang='lat' dir='ltr'>parvus</span> <span class='ocrx_word' id='word_1_785' title='bbox 2395 2973 2464 3013; x_wconf 83' lang='lat' dir='ltr'>tim</span> <span class='ocrx_word' id='word_1_786' title='bbox 2494 3015 2497 3017; x_wconf 15' lang='grc' dir='ltr'><strong>Α</strong></span> <span class='ocrx_word' id='word_1_787' title='bbox 2507 3002 2520 3024; x_wconf 78' lang='lat'>,</span> 
     </span>
     <span class='ocr_line' id='line_1_120' title="bbox 1462 3023 2521 3077; baseline 0.008 -16"><span class='ocrx_word' id='word_1_788' title='bbox 1462 3024 1526 3073; x_wconf 90' lang='lat' dir='ltr'>qui</span> <span class='ocrx_word' id='word_1_789' title='bbox 1542 3023 1833 3063; x_wconf 88' lang='lat' dir='ltr'>sollicitudinem</span> <span class='ocrx_word' id='word_1_790' title='bbox 1854 3024 2075 3064; x_wconf 87' lang='lat' dir='ltr'>consiliandi</span> <span class='ocrx_word' id='word_1_791' title='bbox 2089 3023 2253 3074; x_wconf 87' lang='lat' dir='ltr'>inducat,</span> <span class='ocrx_word' id='word_1_792' title='bbox 2270 3039 2341 3064; x_wconf 86' lang='lat' dir='ltr'>nec</span> <span class='ocrx_word' id='word_1_793' title='bbox 2360 3026 2521 3077; x_wconf 61' lang='lat' dir='ltr'>multum</span> 
     </span>
     <span class='ocr_line' id='line_1_121' title="bbox 1462 3072 2521 3129; baseline 0.008 -15"><span class='ocrx_word' id='word_1_794' title='bbox 1462 3077 1649 3116; x_wconf 86' lang='lat' dir='ltr'>rationem</span> <span class='ocrx_word' id='word_1_795' title='bbox 1678 3078 1896 3125; x_wconf 89' lang='lat' dir='ltr'>conturbet;</span> <span class='ocrx_word' id='word_1_796' title='bbox 1915 3085 2041 3128; x_wconf 85' lang='lat' dir='ltr'>potest</span> <span class='ocrx_word' id='word_1_797' title='bbox 2069 3077 2183 3119; x_wconf 82' lang='lat' dir='ltr'>etiam</span> <span class='ocrx_word' id='word_1_798' title='bbox 2209 3079 2380 3119; x_wconf 89' lang='lat' dir='ltr'>conferre</span> <span class='ocrx_word' id='word_1_799' title='bbox 2400 3079 2451 3121; x_wconf 86' lang='lat' dir='ltr'>ad</span> <span class='ocrx_word' id='word_1_800' title='bbox 2466 3072 2521 3129; x_wconf 53' lang='grc' dir='ltr'>ἐξ·</span> 
     </span>
     <span class='ocr_line' id='line_1_122' title="bbox 1463 3128 2520 3188; baseline 0.005 -20"><span class='ocrx_word' id='word_1_801' title='bbox 1463 3131 1640 3168; x_wconf 90' lang='lat' dir='ltr'>cultatem</span> <span class='ocrx_word' id='word_1_802' title='bbox 1680 3131 1779 3168; x_wconf 89' lang='lat' dir='ltr'>bene</span> <span class='ocrx_word' id='word_1_803' title='bbox 1813 3130 2052 3180; x_wconf 88' lang='lat' dir='ltr'>consiliandi,</span> <span class='ocrx_word' id='word_1_804' title='bbox 2085 3131 2230 3171; x_wconf 83' lang='lat' dir='ltr'>ratione</span> <span class='ocrx_word' id='word_1_805' title='bbox 2263 3128 2520 3188; x_wconf 58' lang='lat' dir='ltr'>sollicitudinis</span> 
     </span>
     <span class='ocr_line' id='line_1_123' title="bbox 1462 3184 1738 3233; baseline 0.003 -13"><span class='ocrx_word' id='word_1_806' title='bbox 1462 3184 1738 3233; x_wconf 88' lang='lat' dir='ltr'>consequentis.</span> 
     </span>
    </p>
   </div>
   <div class='ocr_carea' id='block_1_39' title="bbox 1514 3236 2519 3288">
    <p class='ocr_par' dir='ltr' id='par_1_47' title="bbox 1514 3236 2519 3288">
     <span class='ocr_line' id='line_1_124' title="bbox 1514 3236 2519 3288; baseline 0.002 -14"><span class='ocrx_word' id='word_1_807' title='bbox 1514 3239 1573 3274; x_wconf 82' lang='lat' dir='ltr'>AD</span> <span class='ocrx_word' id='word_1_808' title='bbox 1588 3249 1748 3276; x_wconf 78' lang='lat' dir='ltr'>TERTmM</span> <span class='ocrx_word' id='word_1_809' title='bbox 1762 3249 1946 3275; x_wconf 81' lang='lat' dir='ltr'>DlCENDUM</span> <span class='ocrx_word' id='word_1_810' title='bbox 1962 3237 2067 3286; x_wconf 92' lang='lat' dir='ltr'>quod</span> <span class='ocrx_word' id='word_1_811' title='bbox 2087 3237 2200 3276; x_wconf 87' lang='lat' dir='ltr'>etiam</span> <span class='ocrx_word' id='word_1_812' title='bbox 2221 3251 2307 3288; x_wconf 89' lang='lat' dir='ltr'>spes</span> <span class='ocrx_word' id='word_1_813' title='bbox 2326 3236 2413 3277; x_wconf 84' lang='lat' dir='ltr'>facit</span> <span class='ocrx_word' id='word_1_814' title='bbox 2431 3250 2519 3276; x_wconf 91' lang='lat' dir='ltr'>con-</span> 
     </span>
    </p>
   </div>
   <div class='ocr_carea' id='block_1_40' title="bbox 342 3285 2757 3340">
    <p class='ocr_par' dir='ltr' id='par_1_48' title="bbox 342 3285 2757 3340">
     <span class='ocr_line' id='line_1_125' title="bbox 342 3285 2757 3340; baseline 0.002 -16"><span class='ocrx_word' id='word_1_815' title='bbox 342 3287 536 3337; x_wconf 89' lang='lat' dir='ltr'>incutiunt,</span> <span class='ocrx_word' id='word_1_816' title='bbox 567 3302 646 3326; x_wconf 92' lang='lat' dir='ltr'>non</span> <span class='ocrx_word' id='word_1_817' title='bbox 666 3297 753 3327; x_wconf 89' lang='lat' dir='ltr'>sunt</span> <span class='ocrx_word' id='word_1_818' title='bbox 771 3289 991 3338; x_wconf 89' lang='lat' dir='ltr'>simpliciter</span> <span class='ocrx_word' id='word_1_819' title='bbox 1011 3290 1112 3327; x_wconf 86' lang='lat' dir='ltr'>mala</span> <span class='ocrx_word' id='word_1_820' title='bbox 1129 3296 1156 3336; x_wconf 61' lang='grc' dir='ltr'>α,</span> <span class='ocrx_word' id='word_1_821' title='bbox 1179 3290 1246 3327; x_wconf 89' lang='lat' dir='ltr'>sed</span> <span class='ocrx_word' id='word_1_822' title='bbox 1266 3290 1407 3328; x_wconf 88' lang='lat' dir='ltr'>habent</span> <span class='ocrx_word' id='word_1_823' title='bbox 1462 3289 1665 3328; x_wconf 89' lang='lat' dir='ltr'>siliativos:</span> <span class='ocrx_word' id='word_1_824' title='bbox 1696 3290 1800 3339; x_wconf 89' lang='lat' dir='ltr'>quia,</span> <span class='ocrx_word' id='word_1_825' title='bbox 1825 3297 1866 3327; x_wconf 93' lang='lat' dir='ltr'>ut</span> <span class='ocrx_word' id='word_1_826' title='bbox 1894 3290 1932 3328; x_wconf 91' lang='lat' dir='ltr'>in</span> <span class='ocrx_word' id='word_1_827' title='bbox 1961 3291 1992 3327; x_wconf 92' lang='lat' dir='ltr'>II</span> <span class='ocrx_word' id='word_1_828' title='bbox 2011 3285 2201 3329; x_wconf 82' lang='lat' dir='ltr'>Rhetoric.</span> <span class='ocrx_word' id='word_1_829' title='bbox 2222 3291 2250 3331; x_wconf 70' lang='lat'>⁸,</span> <span class='ocrx_word' id='word_1_830' title='bbox 2265 3290 2519 3340; x_wconf 76' lang='lat' dir='ltr'>Philosophus</span> <span class='ocrx_word' id='word_1_831' title='bbox 2545 3304 2557 3316; x_wconf 68' lang='lat'><em>*</em></span> <span class='ocrx_word' id='word_1_832' title='bbox 2572 3303 2630 3331; x_wconf 73' lang='lat' dir='ltr'>cap.</span> <span class='ocrx_word' id='word_1_833' title='bbox 2644 3310 2666 3331; x_wconf 85' lang='lat' dir='ltr'>v,</span> <span class='ocrx_word' id='word_1_834' title='bbox 2681 3308 2705 3324; x_wconf 85' lang='lat' dir='ltr'>n·</span> <span class='ocrx_word' id='word_1_835' title='bbox 2725 3307 2757 3328; x_wconf 78' lang='lat'>1⁴-</span> 
     </span>
    </p>
   </div>
   <div class='ocr_carea' id='block_1_41' title="bbox 343 3341 1407 3391">
    <p class='ocr_par' dir='ltr' id='par_1_49' title="bbox 343 3341 1407 3391">
     <span class='ocr_line' id='line_1_126' title="bbox 343 3341 1407 3391; baseline 0.001 -13"><span class='ocrx_word' id='word_1_836' title='bbox 343 3343 534 3389; x_wconf 89' lang='lat' dir='ltr'>quandam</span> <span class='ocrx_word' id='word_1_837' title='bbox 573 3342 896 3391; x_wconf 89' lang='lat' dir='ltr'>magnitudinem:</span> <span class='ocrx_word' id='word_1_838' title='bbox 925 3350 1006 3380; x_wconf 91' lang='lat' dir='ltr'>tum</span> <span class='ocrx_word' id='word_1_839' title='bbox 1043 3355 1087 3379; x_wconf 82' lang='lat' dir='ltr'>ex</span> <span class='ocrx_word' id='word_1_840' title='bbox 1123 3356 1169 3379; x_wconf 91' lang='lat' dir='ltr'>eo</span> <span class='ocrx_word' id='word_1_841' title='bbox 1199 3341 1303 3390; x_wconf 92' lang='lat' dir='ltr'>quod</span> <span class='ocrx_word' id='word_1_842' title='bbox 1343 3354 1407 3391; x_wconf 89' lang='lat' dir='ltr'>ap-</span> 
     </span>
    </p>
   </div>
   <div class='ocr_carea' id='block_1_42' title="bbox 396 3475 844 3507">
    <p class='ocr_par' dir='ltr' id='par_1_50' title="bbox 396 3475 844 3507">
     <span class='ocr_line' id='line_1_127' title="bbox 396 3475 844 3507; baseline 0.002 -9"><span class='ocrx_word' id='word_1_843' title='bbox 396 3475 423 3506; x_wconf 89' lang='grc' dir='ltr'>α)</span> <span class='ocrx_word' id='word_1_844' title='bbox 444 3475 521 3499; x_wconf 86' lang='lat' dir='ltr'>mala.</span> <span class='ocrx_word' id='word_1_845' title='bbox 540 3489 556 3493; x_wconf 89' lang='lat'>—</span> <span class='ocrx_word' id='word_1_846' title='bbox 577 3482 676 3507; x_wconf 71' lang='lat' dir='ltr'>»mgna</span> <span class='ocrx_word' id='word_1_847' title='bbox 696 3475 724 3504; x_wconf 74' lang='lat' dir='ltr'>E,</span> <span class='ocrx_word' id='word_1_848' title='bbox 743 3483 797 3500; x_wconf 88' lang='lat' dir='ltr'>om.</span> <span class='ocrx_word' id='word_1_849' title='bbox 816 3475 844 3499; x_wconf 81' lang='lat' dir='ltr'>F.</span> 
     </span>
    </p>
   </div>
   <div class='ocr_carea' id='block_1_43' title="bbox 1463 3339 2520 3393">
    <p class='ocr_par' dir='ltr' id='par_1_51' title="bbox 1463 3339 2520 3393">
     <span class='ocr_line' id='line_1_128' title="bbox 1463 3339 2520 3393; baseline 0.001 -14"><span class='ocrx_word' id='word_1_850' title='bbox 1463 3342 1562 3391; x_wconf 87' lang='lat' dir='ltr'>dicit,</span> <span class='ocrx_word' id='word_1_851' title='bbox 1583 3342 1706 3380; x_wconf 86' lang='lat' dir='ltr'>nullus</span> <span class='ocrx_word' id='word_1_852' title='bbox 1733 3342 1950 3380; x_wconf 84' lang='lat' dir='ltr'>consiliatur</span> <span class='ocrx_word' id='word_1_853' title='bbox 1976 3344 2022 3380; x_wconf 83' lang='lat' dir='ltr'>de</span> <span class='ocrx_word' id='word_1_854' title='bbox 2040 3343 2096 3380; x_wconf 83' lang='lat' dir='ltr'>his</span> <span class='ocrx_word' id='word_1_855' title='bbox 2114 3342 2160 3381; x_wconf 79' lang='lat' dir='ltr'>de</span> <span class='ocrx_word' id='word_1_856' title='bbox 2178 3339 2311 3393; x_wconf 78' lang='lat' dir='ltr'>quibus</span> <span class='ocrx_word' id='word_1_857' title='bbox 2329 3342 2520 3392; x_wconf 83' lang='lat' dir='ltr'>desperat,-</span> 
     </span>
    </p>
   </div>
  </div>
 </body>
</html>
