2852 4152
71 1105 80 1115 ·
89 1104 136 1132 Qu.
145 1111 178 1130 ιιι,
187 1108 282 1132 art.2‚5.

139 1695 144 1700 .
152 1684 202 1704 xm,
211 1685 234 1700 n.
242 1685 276 1700 2.-

64 1679 75 1689 ιι

65 1705 90 1727 S.
101 1705 121 1726 T
141 1721 146 1726 .
162 1705 213 1746 lect.
224 1711 274 1726 xm.

62 1841 73 1852 ⁴¹
89 1841 146 1869 Cap.
157 1848 225 1863 xxxv.

62 2317 72 2328 ⁸
85 2316 141 2338 Loc.
151 2316 189 2338 cit.

62 2528 73 2539 ‘⁸
87 2529 145 2550 Ibid.

62 2587 70 2595 ·
86 2585 153 2606 Vers.
169 2592 196 2614 13.

61 3111 126 3164 “6Qu.
121 3118 225 3139 .1.xxx1v,
231 3115 273 3134 art.

102 3145 114 3166 7

319 191 367 224 42

1034 180 1298 225 QUAESTIO
1330 182 1395 227 IV,
1425 182 1719 219 ARTICULUS
1747 182 1782 218 V

1103 315 1418 356 ARTICULUS
1449 316 1701 367 QUINTUS

670 405 841 435 UTRUM
869 405 931 435 AD
959 405 1339 435 BEATlTUDlNEM
1362 405 1569 436 HOM1N1S
1593 406 1917 442 REQUIRATUR
1941 407 2132 440 coapus

792 483 826 507 lv
842 484 918 508 Cont.
931 485 1015 512 Gent.‚
1031 490 1085 514 cap.
1100 490 1180 513 Lxx1x,
1196 490 1252 514 x013
1267 483 1309 507 De
1318 483 1384 513 Por..
1401 491 1446 516 qu.
1460 492 1484 515 v,
1499 489 1545 509 art.
1560 492 1602 515 105
1621 485 1763 517 Compend.
1776 485 1872 516 Theol„
1888 494 1944 519 cap.
1957 495 2008 512 cu.

525 583 547 607 D
574 582 735 613 QUINTUM
760 582 812 607 εις
833 582 1069 606 PROCEDlTUR.
1091 569 1249 606 Videtur
1268 571 1371 618 quod

525 623 574 659 ad
593 623 863 659 beatitudinem
883 622 1093 670 requiratur
1113 634 1263 671 corpus.
1283 624 1371 659 Per-

500 670 634 712 fectio
665 675 765 711 enirn
794 674 940 711 virtutis
969 683 1005 711 et
1025 674 1162 722 gratiae
1190 687 1371 724 praesup-

444 728 631 776 '‘ponit
654 727 925 775 perfectionem
954 734 1121 764 naturae.
1153 728 1230 764 Sed
1251 728 1368 764 beati-

310 738 408 817 tudo
423 788 478 816 est
491 780 670 828 perfectio
690 779 836 816 virtutis
857 788 892 816 et
910 780 1062 827 gratiae.
1083 781 1221 817 Anima
1242 788 1369 817 autem

312 833 390 869 sine
429 845 588 881 corpore
623 845 701 868 non
738 833 852 868 habet
887 832 1160 880 perfectionem
1194 841 1368 870 naturae.

311 897 398 921 cum
419 885 464 921 sit
482 898 568 934 pars
587 885 803 921 naturaliter
830 885 1022 922 humanae
1046 893 1218 933 naturae,
1245 886 1368 922 omnis

309 945 436 974 autern
474 950 560 985 pars
590 945 644 974 est
679 937 899 985 imperfecta
928 950 950 974 a
978 950 1048 974 suo
1076 946 1155 975 toto
1184 946 1366 986 separata.

309 991 410 1036 Ergo
440 990 567 1026 anima
595 990 674 1025 sine
705 1002 864 1037 corpore
892 1003 971 1027 non
998 998 1122 1038 potest
1142 1003 1224 1028 esse
1245 992 1365 1028 beata.

362 1054 396 1078 2.
426 1044 658 1088 PRAETEREA,
688 1042 881 1079 beatitudo
912 1051 967 1080 est
986 1043 1155 1092 operatio
1176 1044 1366 1092 quaedam

306 1095 483 1143 perfecta,
504 1103 549 1131 ut
569 1107 682 1143 supra
696 1094 716 1116 ²³⁶
736 1095 878 1132 dictum
899 1104 965 1133 est.
997 1097 1072 1133 Sed
1093 1096 1262 1144 operatio
1283 1108 1366 1143 per-

306 1149 403 1184 fecta
422 1148 590 1196 sequitur
610 1160 691 1184 esse
710 1149 937 1196 perfectum:
968 1149 1055 1196 quia
1078 1148 1169 1184 nihil
1189 1156 1367 1196 operatur

307 1200 376 1236 nisi
405 1201 616 1238 secundum
645 1201 750 1249 quod
779 1209 834 1237 est
862 1214 928 1237 ens
956 1201 994 1237 in
1023 1208 1119 1236 actu.
1150 1201 1250 1237 Cum
1275 1213 1364 1248 ergo

306 1253 434 1289 anima
461 1266 539 1290 non
566 1254 705 1290 habeat
734 1266 815 1289 esse
843 1254 1052 1301 perfectum
1081 1253 1236 1301 quando
1266 1261 1321 1290 est
1344 1266 1366 1290 a

306 1318 466 1354 corpore
499 1314 682 1354 separata,
716 1306 811 1342 sicut
848 1318 918 1342 nec
943 1306 1067 1354 aliqua
1094 1318 1182 1354 pars
1211 1307 1364 1355 quando

305 1366 477 1407 separata
506 1366 561 1395 est
581 1364 597 1379 ‘²
626 1371 648 1395 a
681 1366 783 1404 toto;
812 1359 961 1395 videtur
992 1359 1098 1407 quod
1126 1358 1253 1395 anima
1285 1359 1364 1396 sine

305 1424 463 1459 corpore
484 1424 562 1448 non
580 1411 699 1459 possit
718 1423 800 1448 esse
830 1412 951 1448 beata.

359 1465 393 1500 3.
415 1465 646 1510 PRAETEREA,
676 1464 869 1501 beatitudo
899 1471 953 1500 est
975 1464 1157 1512 perfectio
1186 1464 1363 1501 hominis.

305 1517 381 1554 Sed
405 1517 532 1554 anima
551 1517 631 1554 sine
652 1529 812 1565 corpore
829 1524 910 1553 'non
931 1525 985 1553 est
1003 1518 1132 1554 homo.
1155 1518 1256 1564 Ergo
1278 1518 1365 1554 bea-

303 1569 421 1606 titudo
451 1582 529 1606 non
556 1577 681 1618 potest
709 1582 791 1606 esse
820 1570 857 1606 in
886 1570 1011 1606 anima
1039 1570 1118 1606 sine
1149 1582 1321 1618 corpore.

356 1634 393 1669 4.
423 1624 655 1669 PRAETEREA,
686 1623 898 1659 secundum
918 1623 1208 1671 Philosophum,
1238 1623 1275 1659 in
1294 1623 1362 1660 VII

302 1676 420 1712 Ethic.
442 1675 472 1722 ³¹⁸,
491 1676 685 1724 felicitatis
712 1676 890 1723 operatio,
911 1675 949 1712 in
975 1687 1051 1723 qua
1080 1675 1247 1712 consistit
1276 1676 1363 1712 bea-

302 1728 439 1775 titudo,
471 1736 525 1764 est
554 1741 627 1765 non
657 1726 880 1776 impedita?
910 1728 986 1764 Sed
1016 1728 1184 1776 operatio
1213 1728 1362 1765 animae

303 1789 497 1830 separatae
528 1789 582 1817 est
605 1780 804 1829 impedita:
839 1780 937 1829 quia,
958 1788 999 1817 ut
1019 1781 1103 1817 dicit
1131 1781 1363 1828 Augustinus

303 1835 371 1870 XII
391 1846 503 1882 super
525 1834 617 1870 Gen.
638 1834 689 1870 aa'
707 1834 769 1870 litt.
785 1834 816 1879 ⁹¹⁶,
837 1834 930 1870 inest
952 1834 987 1870 ei
1009 1833 1192 1870 naturalis
1210 1835 1362 1881 quidam

302 1888 482 1935 appetitus
511 1898 645 1934 corpus
673 1886 979 1930 administrandi,
1010 1898 1082 1934 quo
1115 1887 1276 1934 appetitu
1306 1899 1364 1923 re-

301 1940 472 1976 tardatur
505 1939 780 1987 quodammodo
817 1951 864 1975 ne
897 1945 971 1976 tota
1000 1939 1200 1975 intentione
1222 1946 1364 1988 pergat

301 1993 337 2029 in
367 1992 458 2029 illud
483 2004 672 2028 summum
701 1992 858 2037 caelum,
890 1991 985 2028 idest
1013 1991 1051 2028 in
1080 1991 1270 2028 visionem
1305 2004 1362 2028 es-

300 2044 440 2081 sentiae
476 2044 638 2081 divinae.
673 2045 775 2091 Ergo
814 2044 939 2080 anima
977 2044 1056 2080 sine
1091 2056 1250 2092 corpore
1284 2057 1362 2081 non

302 2105 427 2146 potest
455 2109 537 2133 esse
565 2098 686 2133 beata.

358 2152 389 2187 5.
411 2152 643 2196 PRAETEREA,
665 2149 857 2186 beatitudo
875 2156 930 2186 est
944 2148 1135 2185 sufficiens
1151 2149 1309 2196 bonurn,
1328 2157 1363 2186 et

300 2203 442 2252 quietat
462 2202 703 2239 desiderium.
726 2202 802 2239 Sed
822 2203 897 2239 hoc
917 2214 996 2238 non
1016 2202 1194 2239 convenit
1213 2202 1361 2239 animae

301 2263 516 2305 separatae:
547 2255 635 2304 quia
654 2255 780 2292 adhuc
808 2254 950 2303 appetit
969 2254 1138 2303 corporis
1165 2254 1361 2303 unionem,

299 2317 340 2345 ut
359 2308 590 2356 Augustinus
620 2308 706 2344 dicit
720 2307 750 2344 ²⁸.
781 2309 882 2355 Ergo
903 2307 1029 2344 anima
1049 2315 1220 2356 separata
1240 2320 1262 2344 a
1282 2320 1362 2344 cor-

300 2374 394 2410 pore
423 2374 501 2398 non
530 2368 584 2397 est
612 2362 734 2397 beata.

354 2415 389 2451 6.
420 2415 651 2460 PRAETEREA,
679 2415 799 2450 homo
829 2413 866 2449 in
886 2412 1116 2449 beatitudine
1147 2420 1202 2449 est
1221 2413 1361 2461 angelis

301 2467 478 2516 aequalis.
509 2467 585 2504 Sed
614 2466 742 2503 anima
769 2466 848 2502 sine
883 2478 1043 2514 corpore
1071 2478 1150 2502 non
1178 2473 1364 2513 aequatur

302 2520 454 2568 angelis,
475 2527 517 2556 ut
535 2519 768 2567 Augustinus
789 2518 876 2556 dicit
889 2518 919 2555 ²³⁶.
945 2519 1046 2566 Ergo
1066 2531 1145 2555 non
1166 2526 1221 2555 est
1239 2519 1360 2556 beata.

355 2574 428 2610 SED
449 2584 594 2609 CONTRA
613 2584 677 2609 EST
697 2573 801 2620 quod
822 2571 956 2608 dicitur
970 2572 1087 2619 Apoc.
1108 2583 1169 2608 xiv
1182 2571 1224 2608 *ε
1254 2572 1364 2608 Beati

301 2626 442 2662 mortui
467 2626 533 2673 qui
558 2626 595 2661 in
623 2626 788 2662 Domino
817 2625 1040 2661 moriuntur.

353 2680 577 2715 RESPONDEO
593 2682 775 2714 DICEND'UM
791 2678 895 2726 quod
916 2677 1055 2725 duplex
1075 2684 1130 2713 est
1145 2676 1337 2713 beatitudo
1352 2690 1360 2714 ε

299 2744 376 2768 una
413 2731 653 2780 imperfecta,
692 2743 789 2778 quae
825 2730 986 2766 habetur
1017 2729 1055 2766 in
1087 2730 1158 2766 hac
1193 2729 1287 2775 vita;
1327 2738 1363 2767 et

300 2785 371 2822 alia
399 2784 575 2832 perfecta,
607 2795 704 2832 quae
732 2784 771 2819 in
795 2783 867 2819 Dei
894 2782 1041 2819 visione
1071 2782 1249 2819 consistit.
1280 2783 1362 2819 Ma-

300 2838 477 2875 nifestum
507 2844 561 2873 est
587 2844 714 2873 autem
743 2835 849 2884 quod
879 2835 927 2872 ad
954 2835 1223 2872 beatitudinem
1250 2835 1362 2871 huius

299 2891 411 2937 vitae,
441 2890 488 2926 de
507 2889 727 2926 necessitate
757 2888 956 2936 requiritur
984 2900 1134 2936 corpus.
1165 2888 1232 2924 Est
1261 2887 1362 2924 enim

301 2943 493 2980 beatitudo
517 2942 628 2979 huius
647 2942 746 2978 vitae
767 2941 937 2990 operatio
959 2940 1176 2987 intellectus,
1198 2941 1259 2977 vel
1279 2953 1363 2989 spe-

303 2995 452 3032 culativi
474 2996 534 3032 vel
565 2995 707 3043 pratici.
738 2994 919 3043 Operatio
950 3001 1077 3030 autem
1097 2993 1305 3030 intellectus
1325 2993 1363 3030 in

301 3050 373 3085 hac
391 3048 469 3084 vita
488 3060 566 3084 non
585 3055 708 3095 potest
737 3059 818 3083 esse
847 3047 927 3083 sine
956 3047 1232 3095 phantasmate,
1258 3046 1363 3094 quod

302 3113 380 3138 non
410 3108 464 3137 est
492 3100 562 3136 nisi
590 3100 628 3136 in
657 3112 799 3147 organo
830 3112 1028 3147 corporeo,
1057 3107 1098 3136 ut
1126 3099 1164 3136 in
1192 3099 1323 3136 Primo
1345 3099 1364 3121 *

301 3153 471 3191 habitum
503 3160 568 3189 est.
603 3154 651 3189 Et
683 3153 735 3189 sic
763 3153 955 3189 beatitudo
990 3164 1087 3200 quae
1116 3152 1154 3188 in
1181 3153 1254 3190 hac
1285 3152 1364 3189 vita

301 3206 431 3244 haberi
465 3213 610 3254 potest,
647 3205 836 3253 dependet
874 3205 1163 3253 quodammodo
1201 3217 1244 3241 ex
1283 3217 1364 3242 cor-

302 3272 406 3309 pore.

1480 572 1557 608 Sed
1577 572 1674 607 circa
1693 572 1965 610 beatitudinem
1988 575 2207 623 perfectam,
2236 588 2334 624 quae
2353 577 2392 614 in
2411 578 2485 614 Dei

1425 623 1572 659 visione
1602 624 1779 672 consistit,
1808 626 1923 674 aliqui
1950 635 2161 674 posuerunt
2188 629 2293 688 quod
2319 641 2397 666 non
2415 642 2483 678 po-

1425 683 1496 712 test
1523 676 1672 713 animae
1706 678 1885 714 advenire
1914 678 1995 715 sine
2023 692 2182 728 corpore
2213 681 2398 728 existenti;
2429 683 2483 719 di-

1426 736 1551 765 centes
1580 729 1686 776 quod
1714 730 1864 767 animae
1894 731 2119 769 Sanctorum
2143 746 2164 769 a
2185 734 2407 782 corporibus
2427 747 2483 772 se-

1423 789 1594 830 paratae,
1624 782 1673 818 ad
1700 782 1802 818 illam
1835 783 2108 821 beatitudinem
2143 798 2222 822 non
2254 788 2482 835 perveniunt

1423 846 1544 882 usque
1565 835 1612 871 ad
1629 835 1730 871 diem
1748 834 1888 882 ludicii,
1904 836 2057 883 quando
2073 849 2232 886 corpora
2252 848 2453 878 resument.
2456 861 2481 868 -

1424 887 1541 932 Quod
1561 887 1716 935 quidem
1737 895 1894 935 apparet
1922 900 2003 924 esse
2024 889 2160 926 falsum
2187 898 2222 927 et
2246 892 2477 940 auctoritate,

1424 946 1460 975 et
1487 939 1642 976 ratione.
1678 941 1910 977 Auctoritate
1943 940 2120 989 quidem,
2154 943 2243 990 quia
2274 946 2481 992 Apostolus

1424 991 1519 1037 dicit,
1548 993 1593 1028 II.
1614 993 1665 1028 ad
1693 993 1780 1029 Cor.
1801 992 1872 1029 v*:
1899 994 2072 1034 Quandiu
2092 1006 2221 1031 sumus
2244 996 2281 1032 in
2310 1008 2517 1046 corpore,·
2533 1008 2599 1030 Vers
2614 1009 2640 1030 6

1415 1044 1713 1102 peregrinamur
1739 1056 1763 1080 a
1791 1045 1974 1089 Domino,·
2003 1052 2039 1082 et
2062 1058 2160 1093 quae
2188 1047 2234 1084 sit
2261 1049 2355 1085 ratio
2373 1061 2481 1098 pere-

1421 1095 1637 1142 grinationis
1667 1097 1848 1143 ostendit,
1878 1098 2046 1134 subdens
2073 1098 2110 1135 *z
2139 1100 2213 1135 Per
2228 1101 2350 1148 fidem
2378 1102 2479 1138 enim
2506 1111 2628 1138 νεα-7-

1421 1148 1670 1194 ambulamus,
1691 1154 1728 1185 et
1753 1162 1827 1186 non
1847 1161 1919 1197 per
1935 1151 2106 1199 speciem.
2137 1152 2194 1188 Ex
2222 1164 2300 1199 quo
2323 1161 2482 1202 apparet

1421 1201 1527 1248 quod
1553 1201 1724 1260 quandiu
1744 1202 1877 1250 aliquis
1905 1204 2075 1240 ambulat
2096 1216 2164 1252 per
2192 1205 2309 1241 fidem
2337 1213 2374 1242 et
2400 1217 2479 1242 non

1419 1266 1489 1302 per
1521 1254 1704 1303 speciem,
1744 1267 1875 1292 carens
1907 1255 2055 1293 visione
2089 1257 2240 1294 divinae
2275 1258 2479 1305 essentiae,

1420 1306 1594 1343 nondum
1615 1315 1670 1344 est
1684 1308 1769 1344 Deo
1784 1319 1976 1356 praesenS.
1991 1308 2156 1346 Animae
2176 1317 2304 1347 autem
2325 1309 2480 1348 Sancto-

1419 1371 1504 1396 rum
1525 1372 1547 1396 a
1567 1360 1788 1408 corporibus
1807 1368 2014 1409 separatae,
2035 1369 2122 1398 sunt
2140 1363 2225 1399 Deo
2241 1371 2477 1411 praesentes:

1419 1412 1521 1448 unde
1550 1412 1772 1449 subditur*:
1799 1414 1995 1456 Audemus
2022 1420 2160 1460 autem,
2188 1421 2223 1451 et
2249 1417 2388 1453 bonam
2415 1428 2480 1454 νο·
2506 1433 2515 1441 ·
2533 1431 2636 1454 vm&

1419 1464 1598 1501 luntatem
1621 1466 1801 1502 habemus
1820 1467 2066 1514 peregrinari
2084 1479 2108 1503 a
2127 1479 2296 1515 corpore,
2317 1475 2354 1506 et
2363 1481 2477 1517 prae-

1418 1523 1536 1554 sentes
1573 1530 1651 1554 esse
1677 1518 1729 1555 ad
1753 1519 1973 1555 Dominum.
2004 1519 2114 1556 Unde
2149 1520 2389 1569 manifestum
2425 1530 2481 1558 est

1419 1571 1524 1618 quod
1553 1570 1702 1607 animae
1723 1571 1951 1607 Sanctorum
1972 1579 2168 1620 separatae
2197 1585 2220 1609 a
2244 1574 2478 1622 corporibus,

1419 1623 1615 1659 ambulant
1633 1636 1702 1671 per
1725 1623 1905 1671 speciem,
1921 1624 1993 1660 Dei
2014 1625 2216 1661 essentiam
2235 1626 2420 1674 videntes,
2440 1627 2479 1663 in

1419 1688 1495 1724 quo
1517 1683 1572 1712 est
1590 1688 1683 1713 vera
1703 1676 1908 1713 beatitudo.

1472 1730 1558 1765 Hoc
1587 1729 1700 1765 etiam
1728 1741 1798 1777 per
1824 1729 2009 1766 rationem
2039 1737 2206 1778 apparet.
2241 1731 2345 1768 Nam
2372 1730 2478 1768 intel-

1417 1782 1535 1818 lectus
1555 1781 1603 1818 ad
1623 1794 1733 1818 suam
1748 1786 1764 1809 Υ
1784 1781 2046 1840 operationem
2067 1794 2144 1819 non
2159 1779 2300 1831 indiget
2318 1795 2478 1832 corpore

1416 1834 1486 1871 nisi
1506 1841 1662 1883 propter
1688 1835 1965 1882 phantasmata,
1991 1834 2029 1871 in
2049 1835 2186 1883 quibus
2203 1836 2403 1873 veritatem
2423 1837 2478 1873 in-

1416 1886 1646 1934 telligibilem
1676 1894 1885 1934 contuetur,
1914 1894 1956 1924 ut
1983 1887 2020 1924 in
2040 1887 2170 1924 Primo
2190 1889 2210 1909 ²²
2238 1888 2379 1926 dictum
2408 1894 2715 1948 est.7Q=1·=-¹¹¹¹v2·r¹·

1417 1939 1664 1976 Manifestum
1693 1946 1748 1976 est
1771 1947 1899 1976 autem
1927 1940 2034 1988 quod
2063 1940 2191 1977 divina
2219 1941 2380 1979 essentia
2407 1953 2476 1991 per

1416 1993 1681 2039 phantasmata
1713 1992 1835 2029 videri
1870 2005 1948 2029 non
1980 2000 2124 2051 potest,
2158 2000 2199 2029 ut
2228 1993 2267 2031 in
2300 1994 2430 2031 Primo
2457 1994 2478 2016 ’¹‘
2505 1998 2716 2028 ‘Qu-¹¹¹›ffl-3·

1417 2052 1612 2081 ostensum
1642 2051 1709 2080 est.
1735 2045 1858 2091 Unde,
1889 2057 1977 2081 cum
2006 2045 2044 2082 in
2067 2045 2215 2082 visione
2240 2046 2390 2083 divinae
2420 2059 2477 2084 es-

1417 2097 1559 2134 sentiae
1586 2097 1750 2146 perfecta
1774 2097 1940 2134 hominis
1960 2098 2153 2134 beatitudo
2183 2098 2378 2147 consistat,
2398 2111 2478 2137 non

1417 2148 1606 2199 dependet
1635 2150 1828 2187 beatitudo
1860 2150 2028 2199 perfecta
2056 2151 2223 2187 hominis
2250 2163 2272 2188 a
2301 2164 2472 2200 corpore.

1417 2203 1529 2240 Unde
1558 2203 1639 2239 sine
1669 2215 1829 2251 corpore
1856 2210 1982 2251 potest
2009 2203 2135 2240 anima
2164 2216 2247 2240 esse
2275 2204 2398 2242 beata.

1471 2255 1548 2292 Sed
1583 2255 1779 2292 sciendum
1813 2256 1917 2303 quod
1945 2256 1994 2293 ad
2021 2256 2295 2304 perfectionem
2323 2257 2479 2294 alicuius

1417 2308 1470 2344 rei
1489 2307 1685 2356 dupliciter
1705 2307 1844 2356 aliquid
1863 2308 2034 2356 pertinet.
2056 2309 2143 2346 Uno
2167 2309 2299 2356 modo,
2320 2309 2369 2346 ad
2389 2322 2479 2346 con-

1417 2360 1645 2397 stituendam
1675 2360 1878 2397 essentiam
1908 2360 1976 2397 rei:
2007 2361 2101 2397 sicut
2124 2361 2252 2398 anima
2279 2360 2480 2410 requiritur

1417 2414 1465 2451 ad
1492 2413 1766 2462 perfectionem
1798 2413 1974 2451 hominis.
2008 2413 2094 2450 Alio
2127 2414 2246 2452 modo
2279 2415 2479 2463 requiritur

1416 2467 1481 2503 ad⁴
1491 2466 1764 2515 perfectionem
1793 2466 1846 2502 rei
1876 2466 1980 2515 quod
2007 2466 2168 2515 pertinet
2196 2466 2246 2504 ad
2273 2467 2371 2504 bene
2397 2480 2479 2506 esse

1417 2519 1514 2555 eius:
1544 2519 1640 2555 sicut
1666 2518 1907 2567 pulchritudo
1936 2519 2123 2567 corporis,
2153 2527 2190 2556 et
2215 2520 2397 2558 velocitas
2424 2521 2479 2558 in-

1416 2571 1514 2620 genii
1533 2571 1694 2620 pertinet
1717 2572 1766 2608 ad
1785 2571 2056 2620 perfectionem
2084 2572 2260 2609 hominis.
2291 2573 2480 2619 Quamvis
2523 2604 2528 2609 .

1417 2637 1507 2672 ergo
1537 2636 1675 2673 corpus
1699 2624 1825 2672 primo
1853 2624 1972 2661 modo
1992 2625 2040 2661 ad
2059 2625 2333 2674 perfectionem
2362 2626 2479 2663 beati-

1416 2677 1555 2714 tudinis
1587 2678 1779 2714 humanae
1808 2689 1886 2714 non
1917 2677 2123 2726 pertineat,
2153 2677 2315 2726 pertinet
2350 2685 2480 2716 tamen

1417 2731 1586 2767 secundo
1615 2730 1747 2767 modo.
1779 2730 1878 2766 Cum
1906 2729 2007 2767 enim
2037 2730 2206 2779 operatio
2236 2730 2449 2779 dependeat
2466 2729 2480 2754 Β

1418 2795 1462 2819 ex
1482 2790 1615 2819 natura
1635 2783 1701 2829 rei,
1723 2790 1863 2830 quanto
1893 2783 2022 2820 anima
2040 2783 2240 2831 perfectior
2265 2784 2332 2820 erit
2354 2783 2393 2821 in
2411 2795 2481 2823 sua

1418 2843 1562 2881 natura,
1591 2842 1696 2871 tanto
1724 2835 1926 2884 perfectius
1960 2836 2115 2872 habebit
2143 2848 2252 2873 suam
2285 2837 2495 2885 propriam*

1418 2887 1691 2936 operationem,
1708 2887 1746 2924 in
1761 2900 1838 2936 qua
1857 2888 2011 2925 felicitas
2031 2888 2209 2926 consistit.
2225 2889 2338 2926 Unde
2350 2891 2480 2937 Augu-

1418 2941 1548 2988 stinus,
1565 2940 1603 2977 in
1618 2941 1687 2977 XII
1703 2952 1816 2989 super
1830 2941 1921 2978 Gen.
1938 2942 1990 2978 ad
2003 2941 2102 2988 litt.*‚
2117 2953 2203 2978 cum
2219 2941 2478 2991 quaesivisset,

1424 2995 1557 3031 Utrum
1572 2994 1760 3042 spiritibus
1770 2994 2032 3042 defunctorum
2046 2994 2126 3031 sine
2136 2995 2355 3043 corporibus
2363 2991 2483 3043 possit

1417 3058 1566 3083 summa
1600 3046 1663 3083 illa
1698 3047 1883 3083 beatitudo
1911 3047 2106 3095 praeberi.-
2134 3047 2342 3095 respondet
2374 3047 2481 3095 quod

1419 3111 1494 3135 non
1522 3099 1575 3135 sic
1604 3105 1760 3147 possunt
1786 3099 1913 3136 videre
1940 3100 2280 3137 incommutabilem
2312 3102 2480 3137 substan·-

1419 3152 1522 3198 tiam,
1545 3158 1585 3188 ut
1609 3152 1731 3188 sancti
1755 3152 1885 3201 angeli
1910 3152 2056 3196 vident;
2082 3153 2162 3189 sive
2188 3153 2264 3202 alia
2288 3153 2481 3192 latentiore

1420 3216 1547 3250 causa,
1575 3205 1653 3241 sive
1681 3205 1762 3241 ideo
1791 3204 1879 3253 quia
1908 3210 1963 3241 est
1983 3205 2021 3241 in
2041 3205 2093 3241 eis
2116 3206 2300 3242 naturalis
2327 3205 2484 3255 quidam.

1419 3257 1600 3304 appetitus
1628 3269 1763 3305 corpus
1792 3257 2089 3294 administrandi.

357 3392 382 3421 α)
402 3390 492 3421 aliqua
513 3396 580 3421 pars
599 3389 705 3421 quando
730 3391 856 3419 separata
875 3391 921 3412 est.
940 3402 959 3406 -
977 3396 1044 3419 par-s
1063 3391 1189 3420 separata
1209 3388 1254 3413 Pa.
1272 3402 1291 3406 -
1310 3388 1360 3411 Pro

304 3428 367 3454 toto,
387 3433 434 3449 suo
454 3428 509 3450 toto
529 3424 604 3448 EFG.

358 3460 382 3492 β)
403 3468 452 3484 non
482 3460 618 3491 impedita.
635 3459 698 3484 —in
724 3466 774 3483 non
800 3458 926 3490 impedito
951 3458 1168 3490 ACEGLpBDH,

305 3496 430 3527 impedito
450 3496 471 3526 Ι,
488 3495 513 3519 in
534 3502 584 3519 non
605 3495 733 3526 impedita
753 3494 799 3526 pF.

1194 3458 1282 3490 aliquo
1310 3465 1359 3482 non

1468 3389 1494 3420 γ)
1515 3396 1599 3412 suam.
1618 3402 1636 3407 —
1654 3388 1696 3413 sui
1714 3388 1825 3413 codices.

1416 3422 1669 3482 GHffiLdependeat.
1688 3438 1706 3442 -
1727 3426 1802 3448 tanto
1821 3423 1970 3454 dependeat
1995 3423 2023 3447 F.
2048 3423 2107 3447 Mox
2126 3426 2202 3448 tanto
2225 3423 2348 3447 omittunt
2365 3421 2476 3446 ABCDF

2507 2949 2518 2960 ⁸
2533 2949 2590 2977 Cap.
2604 2955 2674 2971 xxxv.
