2846 4146
118 535 128 544 '
135 533 232 560 Capsu.
239 529 326 552 -S.‘rh.

118 560 171 581 lect.
184 563 234 584 vni,
249 563 280 578 ix.

118 702 129 713 ⁸
150 701 208 728 cap.

127 1832 167 1849 ,ἥὶί
189 1834 211 1851 ΓΙι
220 1834 225 1843 1

118 727 142 750 S.
148 727 193 748 Th.
201 706 254 748 lec¹t'.
260 705 330 753 ilii-qq..

136 1859 166 1874 ἱππ
187 1860 226 1874 111·
273 1867 275 1869 ·

1052 217 1317 264 QUAESTIO
1347 217 1431 264 LX,
1459 217 1754 254 ARTICULUS
1782 218 1818 253 V

355 312 391 336 ut
406 302 574 343 eutrapelia
586 300 625 331 sit
637 298 758 330 ultima.
772 315 793 320 -
806 297 891 328 Cum
903 307 976 328 vero
990 304 1062 338 post
1079 296 1248 336 subiungit,
1261 296 1297 326 Si
1308 297 1410 336 igitur

354 347 494 380 addatur
516 345 654 380 iustitia,
679 351 761 382 quae
784 346 829 372 est
853 342 937 372 circa
957 342 1164 382 operationes,
1190 345 1283 370 erunt
1302 349 1410 370 omnes

353 390 530 426 duodecim,
554 393 694 418 mutetur
710 385 923 416 duodenarius
941 385 973 416 in
988 385 1208 420 undenarium,
1225 390 1255 414 et
1273 384 1408 424 legatur:

354 439 449 466 erunt
471 441 579 463 omnes
601 430 757 461 undecim.

410 476 502 508 Ratio
526 481 632 506 autem
661 482 758 514 quare
780 472 880 502 littera
903 473 1012 503 salvari
1041 482 1105 502 non
1130 478 1249 512 potest,
1274 477 1319 501 est
1342 478 1411 501 tum

355 521 430 563 quia
452 519 545 551 refert
567 529 599 549 se
623 518 662 548 ad
684 516 899 547 Aristotelem:
924 516 990 556 qui,
1014 523 1050 547 ut
1072 522 1157 556 patet
1171 515 1204 545 in
1225 515 1367 546 11Et11ic.
1384 512 1410 551 ²³,

356 564 526 596 duodecim
543 562 725 593 medietates
748 560 848 601 ponit,
865 560 918 590 sed
934 561 1043 590 decem
1058 560 1186 590 virtutes
1203 566 1233 589 et
1248 559 1325 589 duas
1341 568 1411 599 pas-

355 609 477 644 siones,
501 613 532 637 et
553 606 635 636 ultra
657 605 713 635 has
741 604 892 635 iustitiam
916 611 945 634 et
968 604 1095 634 virtutes
1123 603 1298 633 rationales.
1323 603 1412 632 Tum

355 653 431 694 quia
445 650 561 682 iustitia
578 659 644 679 non
661 655 706 679 est
724 648 822 679 virtus
837 647 916 678 circa
936 647 1106 687 passiones,
1123 647 1177 677 sed
1196 646 1411 687 operationes;

355 703 392 727 ut
412 701 498 736 patet
519 694 548 724 V
570 692 718 728 Ethic.*‚
748 699 778 723 et
800 692 851 722 hic
874 691 906 721 in
930 691 1061 722 articulo
1085 691 1186 721 tertio.
1210 708 1230 712 -
1253 690 1293 720 Et
1316 689 1410 726 scito,

356 739 484 774 novitie,
505 737 594 778 quod
617 738 746 772 Auctor,
772 745 845 766 cum
870 742 944 765 nota
966 735 1115 765 illationis
1138 734 1330 765 concludens
1354 743 1411 764 nu-

355 792 481 814 merum
502 781 656 812 virtutum
679 780 860 816 moralium,
877 779 1020 815 dicendo,
1044 779 1098 809 Sic
1113 779 1314 820 igiturpatet
1328 777 1413 817 quod

354 825 528 858 secundum
544 825 745 855 Aristotelem
767 830 841 859 etc.;
861 833 927 853 non
942 822 1034 853 infert
1056 832 1092 852 ex
1106 822 1167 852 hoc
1184 821 1314 852 articulo
1329 821 1411 859 solo,

355 870 410 901 sed
432 869 541 900 iuncto
565 868 778 908 praecedenti,
802 868 835 897 in
857 876 924 907 quo
947 866 1165 897 fortitudinem
1184 871 1214 895 et
1228 864 1411 895 mans‘uetu-

356 914 464 945 dinem
485 912 634 949 distinxit,
655 922 692 943 ex
714 912 755 942 111
780 918 810 942 et
833 911 875 942 IV
889 910 993 941 Ethic.
1017 910 1058 940 Et
1079 915 1254 950 propterea,
1281 918 1410 939 enume-

355 958 455 988 rando
471 957 611 994 virtutes,
624 956 679 986 has
696 954 943 990 connumeravit,
955 953 1027 984 licet
1041 963 1149 983 earum
1160 953 1193 982 in
1205 952 1266 983 hoc
1281 952 1411 983 articulo

356 1011 423 1033 non
445 1000 633 1031 meminerit.

411 1045 450 1076 V.
474 1045 510 1074 In
533 1043 791 1084 responsionibus
821 1042 861 1072 ad
893 1047 1077 1081 argumenta
1100 1039 1242 1070 eiusdem
1272 1039 1410 1076 articuli,

357 1088 536 1129 diligentius
568 1093 678 1118 notato
709 1087 862 1127 primam,
886 1085 1009 1116 tertiam
1032 1091 1062 1115 et
1088 1084 1243 1114 ultimam.
1273 1083 1412 1114 Primam

357 1133 498 1174 quidem,
523 1131 598 1173 quia
621 1141 657 1162 ex
680 1140 716 1161 ea
737 1130 833 1160 habes
857 1128 1062 1159 differentiam
1084 1128 1163 1158 inter
1186 1127 1313 1158 unicam
1336 1136 1411 1166 ope-

356 1177 512 1208 rationem
539 1183 570 1207 et
598 1175 727 1205 unicam
758 1173 956 1215 passionem,
984 1172 1018 1203 in
1047 1170 1284 1202 diversificando
1317 1171 1413 1201 virtu-

357 1227 436 1257 tem;
461 1230 498 1251 ex
520 1219 583 1250 hoc
605 1218 694 1259 quod
708 1217 814 1258 passio
833 1222 987 1257 repugnat
1004 1215 1126 1252 rationi,
1144 1214 1285 1255 operatio
1305 1221 1410 1245 autem

358 1274 434 1295 uon.
462 1264 504 1294 Et
526 1262 680 1294 subtiliter
711 1261 803 1292 dixit:
827 1261 901 1302 quia
925 1269 999 1290 cum
1021 1259 1172 1290 habitudo
1195 1259 1236 1289 ad
1257 1258 1413 1289 rationem

2441 222 2514 269 393

1466 295 1634 326 constituat
1656 295 1778 326 virtutis
1801 295 1971 334 obiectum,
1996 303 2025 326 et
2049 297 2167 327 diversa
2189 298 2340 328 habitudo
2360 299 2517 330 diversum

1466 340 1640 374 obiectum;
1660 339 1775 379 passio,
1795 349 1876 379 quae
1900 341 2074 370 secundum
2097 351 2129 371 se
2152 341 2300 381 importat
2323 343 2441 383 aliquid
2465 345 2518 374 ab·

1466 384 1584 414 ducens
1602 393 1620 413 a
1638 382 1775 418 ratione,
1798 383 1949 422 importat
1979 383 2098 424 aliquid
2128 394 2220 424 egens
2238 385 2351 416 virtute
2381 387 2420 416 ad
2447 397 2517 417 con-

1466 436 1579 458 sonam
1609 426 1800 457 reddendam
1829 426 1931 467 ipsam
1959 427 2088 463 rationi,
2120 435 2150 458 et
2179 430 2354 459 secundum
2383 430 2517 461 diversas

1466 471 1586 512 proprii
1609 470 1723 501 obiecti
1752 470 1896 501 materias
1919 470 2127 501 diversimode
2158 472 2197 501 ad
2227 472 2380 503 rationem
2408 484 2440 503 se
2463 474 2516 504 ha-

1466 516 1538 546 bere
1554 521 1668 555 potest,
1683 520 1714 544 et
1728 514 1772 545 sic
1795 514 1916 544 diversa
1931 514 2084 545 virtutum
2103 515 2223 546 obiecta
2240 516 2416 548 constituet.
2434 517 2517 557 ope-

1466 559 1545 590 ratio
1569 565 1685 594 autem,
1705 557 1780 598 quia
1802 557 1977 588 secundum
2000 568 2033 588 se
2063 559 2175 589 rationi
2199 569 2264 589 non
2287 567 2448 599 repugnat,
2472 571 2517 591 se-

1467 603 1609 633 cundum
1635 611 1765 632 omnem
1791 602 1839 632 sui
1863 601 1976 632 obiecti
2006 602 2186 641 materiam,
2216 604 2329 633 eodem
2357 604 2455 634 modo
2480 605 2518 635 ad
2552 639 2556 642 ,

1466 646 1622 677 rationem
1645 655 1677 676 se
1702 645 1803 676 habet,

1519 689 1661 720 Tertiam
1676 696 1792 726 autem,
1809 689 1884 730 quia
1898 689 1948 720 hic
1963 689 2058 720 habes
2074 689 2164 730 quasi
2183 690 2399 729 exceptionem
2413 691 2451 721 ab
2467 691 2519 722 illa

1466 733 1612 770 maxima,
1629 734 1741 774 Magis
1757 738 1787 763 et
1809 733 1914 764 minus
1930 743 1992 763 non
2008 734 2138 764 variant
2159 735 2302 774 speciem.
2318 734 2398 765 Dico
2412 741 2519 765 autem

1466 779 1558 818 quasi
1581 778 1814 817 exceptionem:
1831 777 1905 817 quia
1928 787 2032 807 revera
2055 787 2121 808 non
2145 784 2190 808 est
2213 778 2364 817 exceptio,
2387 778 2441 808 sed
2464 788 2519 818 per

1467 821 1609 852 accidens
1642 820 1741 860 magis
1765 827 1795 851 et
1817 820 1923 851 minus
1954 821 2074 852 variant
2100 821 2151 851 hic
2183 820 2320 861 speciem
2328 830 2336 858 ;
2360 821 2435 862 quia
2463 832 2519 861 per

1467 865 1648 895 adiunctam
1667 864 1711 895 eis
1735 864 1890 895 diversam
1909 863 2050 905 specifice
2065 864 2282 895 habitudinem
2300 865 2340 895 ad
2354 865 2518 902 rationem,

1466 915 1502 939 ut
1524 908 1557 938 in
1579 908 1679 939 littera
1703 907 1824 939 dicitur.

1521 952 1676 983 Ultimam
1697 958 1812 988 autem,
1837 951 1911 992 quia
1927 961 2020 983 aurea
2037 958 2083 983 est
2096 958 2172 988 tota,
2197 958 2227 983 et
2248 962 2372 994 semper
2398 962 2519 982 memo-

1467 995 1528 1026 riae
1551 995 1739 1026 mandanda.
1757 995 1867 1026 Unum
1897 1002 2002 1026 tamen
2017 1002 2110 1027 restat
2128 995 2309 1026 mirandum
2332 996 2365 1026 in
2380 995 2438 1026 hac
2453 1006 2519 1026 ma-

1466 1039 1557 1070 teria:
1581 1048 1678 1079 quare
1703 1038 1885 1069 Aristoteles
1915 1039 2035 1069 nullam
2060 1039 2208 1070 virtutem
2238 1040 2391 1070 moralem
2414 1040 2521 1079 posuit

1467 1083 1547 1114 circa
1569 1083 1748 1123 passionem
1764 1082 1913 1119 tristitiae,
1929 1082 2090 1123 propriam
2105 1083 2159 1119 illi,
2177 1090 2207 1113 et
2229 1089 2277 1114 tot
2295 1083 2374 1113 circa
2389 1083 2520 1114 delecta-

1466 1126 1562 1157 tionis
1578 1126 1768 1167 passionem.
1782 1126 1814 1156 Si
1829 1133 1972 1166 suscepta
1987 1133 2067 1156 esset
2080 1126 2131 1156 hic
2147 1126 2308 1166 provincia
2318 1126 2521 1166 assignandae

1467 1170 1670 1202 sufficientiae
1691 1170 1845 1201 virtutum
1873 1170 2053 1206 moralium,
2069 1170 2226 1200 reddenda
2248 1176 2327 1200 esset
2349 1170 2438 1200 ratio.
2461 1170 2522 1201 Sed

1468 1213 1542 1255 quia
1564 1223 1622 1244 nec
1645 1216 1766 1245 Auctor
1780 1213 1842 1244 hoc
1865 1213 2010 1253 suscepit,
2030 1223 2088 1244 nec
2102 1213 2284 1244 Aristoteles
2307 1214 2406 1244 modo
2427 1223 2522 1254 expo-

1467 1257 1562 1294 nitur,
1582 1257 1668 1288 alteri
1690 1257 1764 1288 loco
1787 1264 1967 1288 reservetur.

505 3600 613 3624 Sunius
632 3598 733 3622 Tutor.
751 3597 782 3620 D.
797 3596 910 3620 Tuomst
929 3595 960 3619 Τ.
980 3594 1019 3619 111.

2350 3590 2383 3615 50
