2852 4152
100 367 110 377 ·
125 365 153 388 D.
166 364 216 387 226.

115 2274 143 2322 ὲ
191 2274 326 2323 ἰζ’,ἒῖὶὶἓῖ

1053 278 1318 325 QUAEsrio
1349 279 1416 324 lx,

328 355 473 394 hensio
487 354 569 395 veri
584 355 664 392 sine
679 356 824 393 ratione
844 357 935 393 boni
956 364 991 394 et
1010 356 1221 405 appetibilis
1236 356 1266 393 ²¹⁵.
1286 357 1396 394 Unde

339 409 549 447 intellectus
569 409 822 457 speculativus
842 422 921 447 non
939 417 1082 456 movet,
1104 410 1171 447 sed
1190 409 1397 446 intellectus

101 469 312 498 'capuan-⁷³
339 459 608 510 practicus,'ut
637 461 772 499 dicitur
798 462 836 499 in
865 464 913 499 III
943 463 988 499 de
1014 463 1154 499 Anima
1166 459 1204 499 ’ἦ

101 502 152 525 cap.
161 502 185 524 x,
195 501 259 518 num.
269 501 292 517 2.
301 507 312 512 -

101 522 182 571 {Th-
197 522 250 544 lect.
263 527 314 549 xxv,

394 515 453 551 An
471 525 630 555 τεκτιυΜ
650 527 833 552 ntcENDUM
861 516 966 563 quod
993 516 1169 552 voluntas
1195 521 1325 551 movet
1343 514 1397 551 in-

342 567 533 607 ,tellectum
575 575 761 616 quantum
803 568 852 605 ad
890 568 1108 605 exercitium
1146 575 1271 605 actus:
1310 567 1398 616 quia

343 627 381 657 et
406 619 532 668 ipsum
559 632 709 667 verum,
743 621 850 668 quod
886 629 942 657 est
973 620 1151 669 perfectio
1180 621 1396 666 intellectus,

343 672 557 711 continetur
593 673 663 710 sub
700 673 902 710 universali
937 674 1040 710 bono
1069 679 1083 701 Υ
1124 681 1165 709 ut
1202 673 1398 722 quoddam

1445 278 1739 315 ARTICULUS
1770 280 1783 314 1
2452 289 2473 325 7
2482 279 2499 314 5

1451 357 1597 393 bonum
1619 356 1857 405 particulare.
1889 357 1964 393 Sed
1994 363 2176 404 quantum
2206 356 2254 392 ad
2283 356 2504 392 determina-

1451 409 1594 446 tionem
1623 417 1740 456 actUS,
1770 421 1868 457 quae
1897 415 1952 445 est
1980 420 2025 445 ex
2053 415 2158 457 parte
2187 407 2334 454 obiecti,
2364 408 2504 444 intelle-

1453 470 1532 499 ctus
1565 469 1696 498 movet
1723 462 1978 499 voluntatem:
2008 461 2096 510 quia
2133 468 2170 498 et
2206 460 2329 509 ipsum
2358 461 2504 497 bonum

1452 514 1747 563 apprehenditur
1765 514 1977 551 secundum
2005 513 2198 563 quandam
2228 513 2430 562 specialem
2450 525 2505 549 ra-

1452 567 1596 604 tionem
1611 568 1929 616 comprehensam
1945 567 2014 604 sub
2034 566 2236 604 universali
2255 565 2397 602 ratione
2412 565 2503 602 veri.

1454 621 1502 656 Et
1529 620 1583 656 sic
1609 627 1712 668 patet
1739 620 1844 669 quod
1872 632 1950 656 non
1979 627 2034 656 est
2061 619 2163 657 idern
2186 631 2349 655 movens
2369 626 2405 654 et
2423 630 2505 655 mo-

1452 679 1534 709 tum
1563 672 1773 709 secundum
1802 672 1916 709 idem.

393 793 422 827 γ)
441 794 518 819 bono.
535 807 554 814 -
571 794 676 819 ratione
694 795 756 819 boni
774 795 802 824 F,
822 796 925 820 ratione
943 796 962 820 1.

1019 874 1347 907 Commentario.
1370 872 1488 905 Card
1493 873 1618 905 inalis
1639 872 1837 906 Caietam

346 963 481 1028 Cinea
504 953 634 987 titulum
657 963 760 984 nonae
778 953 981 995 quaestionis,
1006 955 1141 990 adverte,
1165 953 1293 989 novitie,
1313 953 1402 993 quod

411 997 486 1039 quia
508 996 595 1029 idem
617 1003 663 1028 est
686 1004 772 1028 actus
796 998 965 1038 potentiae,
991 1004 1022 1029 et
1043 998 1075 1028 id
1095 997 1128 1028 in
1151 997 1240 1038 quod
1262 996 1403 1037 potentia

345 1041 505 1075 reducitur
523 1051 541 1072 a
564 1051 624 1072 suo
644 1042 776 1078 motivo,
792 1051 866 1072 curn
889 1051 1016 1072 movere
1036 1041 1114 1072 nihil
1135 1041 1222 1071 aliud
1245 1041 1283 1071 sit
1306 1050 1403 1082 quam

345 1085 493 1116 reducere
517 1085 555 1116 de
579 1085 719 1126 potentia
752 1085 791 1116 ad
813 1093 938 1122 actum3
961 1085 1033 1116 ideo
1057 1085 1097 1116 ad
1123 1091 1320 1125 praesentem
1343 1091 1402 1115 tra-

347 1135 466 1160 ctatum
489 1129 528 1160 de
551 1129 671 1159 actibus
702 1129 874 1160 voluntatis
907 1135 1026 1170 spectat
1049 1129 1195 1160 disserere
1219 1129 1257 1159 de
1281 1128 1402 1158 motivo

346 1173 528 1209 voluntatis,
551 1173 630 1204 idest
655 1173 815 1214 potentiae
837 1173 998 1204 volitivae:
1023 1172 1084 1203 hoc
1107 1173 1192 1203 enim
1215 1172 1294 1202 nihil
1318 1171 1403 1202 aliud

347 1223 395 1247 est
414 1226 512 1258 quarn
530 1216 678 1247 disserere
693 1217 731 1247 de
750 1227 844 1247 causa
859 1224 946 1248 actus
959 1216 1058 1257 ipsius
1073 1217 1255 1247 voluntatis.
1272 1217 1403 1251 Rursus,

348 1260 424 1302 quia
444 1267 532 1294 nunc
554 1267 702 1292 tractatur
725 1260 763 1290 de
786 1260 891 1301 primo
914 1267 985 1292 actu
1009 1260 1198 1296 voluntatis,
1226 1260 1343 1290 scilicet
1366 1259 1404 1289 de

348 1303 512 1341 volitione‚
535 1304 607 1334 ideo
631 1314 715 1334 nunc
738 1304 952 1344 investiganda
968 1310 1014 1334 est
1033 1313 1127 1334 causa
1141 1310 1270 1334 actuum
1292 1303 1404 1333 volun-

348 1347 436 1384 tatis,
461 1348 550 1389 quod
571 1347 607 1378 fit
629 1347 809 1387 quaerendo
835 1357 853 1377 a
875 1357 941 1387 quo
964 1346 1106 1386 potentia
1127 1346 1257 1376 volitiva
1280 1356 1405 1376 movea-

349 1397 410 1427 tur,
425 1390 506 1424 idest
520 1391 686 1430 reducatur
709 1390 748 1420 ad
772 1397 888 1420 actum.

405 1469 458 1478 d..

344 1475 487 1515 ‘ss‘mm
508 1475 630 1507 articuli
652 1476 748 1516 primi
769 1476 962 1516 quaestionis
987 1485 1091 1506 nonae
1111 1475 1251 1516 corporis
1271 1476 1407 1516 primam

352 1487 546 1563 Cpartem‚
571 1520 704 1550 dubium
723 1520 860 1551 occurrit
880 1529 945 1550 non
971 1516 1245 1556 dissimulandum,
1269 1519 1324 1550 ubi
1342 1521 1408 1549 Au-

349 1570 418 1596 ctor
440 1563 676 1595 distinctionem
698 1563 798 1604 ponit,
818 1564 908 1605 quod
923 1563 1089 1604 dupliciter
1103 1563 1208 1604 aliqua
1222 1563 1269 1593 vis
1285 1564 1407 1594 animae

350 1614 397 1641 est
418 1607 451 1640 in
473 1607 616 1648 potentia
639 1607 679 1638 ad
702 1607 831 1645 diversa,
857 1618 923 1638 uno
947 1607 1046 1638 modo
1070 1615 1227 1648 quantum
1250 1608 1289 1638 ad
1318 1617 1408 1647 agere

349 1652 400 1684 vel
423 1661 490 1682 non
508 1661 607 1692 agere,
628 1651 691 1682 alio
714 1651 814 1682 modo
830 1658 986 1692 quantum
1009 1651 1049 1681 ad
1065 1661 1154 1691 agere
1169 1651 1230 1682 hoc
1245 1651 1295 1681 vel
1311 1651 1405 1687 illud;

350 1699 382 1729 bt
407 1695 514 1726 subdit
543 1695 632 1736 quod
662 1701 731 1736 eget
753 1702 878 1726 motore
906 1702 1063 1736 quantum
1090 1696 1130 1726 ad
1153 1695 1218 1726 duo
1227 1704 1234 1731 ;
1260 1702 1290 1726 et
1319 1695 1408 1735 quod

349 1738 485 1774 alterum
507 1739 633 1775 horum,
654 1738 770 1770 scilicet
791 1739 942 1779 primum,
961 1749 994 1769 se
1010 1745 1095 1770 tenet
1111 1749 1147 1770 ex
1163 1745 1250 1779 parte
1267 1738 1406 1774 subiecti,

350 1783 527 1821 secundum
549 1792 624 1813 vero
649 1793 686 1814 ex
708 1789 795 1823 parte
818 1783 940 1814 obiecti.
958 1783 1014 1813 Est
1032 1793 1170 1824 namque
1192 1783 1242 1813 hic
1264 1783 1407 1818 dubium,

351 1827 436 1872 quia,
452 1826 525 1858 licet
547 1836 659 1857 verum
677 1826 726 1863 sit,
743 1833 773 1857 et
789 1837 826 1858 ex
840 1837 989 1868 processu
1007 1827 1126 1857 litterae
1142 1827 1303 1867 probetur,
1320 1827 1408 1867 quod

347 1870 384 1905 id
406 1871 496 1912 quod
519 1877 566 1902 est
587 1870 620 1900 in
643 1870 785 1911 potentia
807 1871 847 1901 ad
870 1871 923 1901 illa
947 1871 1023 1907 du0,
1048 1878 1137 1911 egeat
1159 1878 1284 1902 motore
1300 1871 1408 1911 quoad

351 1911 432 1951 duo;
447 1924 514 1945 non
529 1921 636 1945 tamen
653 1921 699 1945 est
714 1915 894 1954 probatum,
910 1925 968 1945 nec
983 1925 1104 1951 verum,
1121 1915 1210 1955 quod
1226 1921 1315 1955 egeat
1329 1915 1408 1945 duo-

351 1958 412 1989 bus
434 1958 628 1995 motoribuS,
653 1958 750 1989 altero
780 1968 817 1989 ex
839 1965 926 1999 parte
957 1958 1105 1994 subiecti,
1130 1959 1227 1989 altero
1258 1969 1294 1989 ex
1322 1965 1409 1999 parte

352 2002 476 2033 obiecti.
501 2002 665 2043 Siquidem
693 2002 896 2042 experientia,
921 2002 1122 2038 auctoritate,
1148 2009 1178 2033 et
1200 2003 1320 2033 ratione
1347 2002 1410 2032 hoc

353 2045 561 2077 convincitur.
584 2046 773 2086 Experimur
796 2046 881 2076 enim
903 2047 992 2087 quod
1015 2056 1106 2087 aqua,
1131 2056 1212 2087 quae
1237 2053 1282 2077 est
1304 2046 1337 2076 in
1352 2056 1408 2086 po-

353 2089 449 2121 tentia
473 2089 513 2120 ad
535 2089 600 2130 pati
623 2096 654 2121 et
675 2099 739 2120 non
763 2089 838 2130 pati,
863 2095 894 2120 et
916 2090 956 2120 ad
978 2090 1043 2130 pati
1066 2090 1127 2120 hoc
1149 2090 1199 2120 vel
1221 2090 1309 2126 illud,
1332 2095 1409 2130 puta

354 2133 512 2165 raritatem
534 2134 584 2164 vel
607 2133 802 2170 densitatem,
827 2140 896 2173 eget
919 2140 1043 2164 motore
1059 2144 1077 2164 a
1092 2143 1158 2174 quo
1175 2140 1205 2164 et
1218 2133 1362 2174 patiatur,
1380 2139 1410 2163 et

354 2177 490 2221 patiatur
512 2178 584 2214 hoc,
607 2184 685 2218 puta
707 2177 880 2208 raritatem:
905 2178 944 2208 ab
969 2178 1080 2208 eodem
1105 2184 1212 2208 tamen
1227 2184 1346 2218 agente,
1363 2187 1409 2207 ra-

353 2221 502 2252 refactivo
527 2221 652 2258 scilicet,
673 2227 845 2261 utrumque
867 2221 970 2252 habet.
990 2221 1031 2252 Et
1053 2221 1153 2261 simile
1169 2228 1215 2252 est
1227 2221 1260 2252 in
1276 2221 1343 2251 aliis
1359 2231 1410 2251 na-

353 2265 516 2296 ruralibus.
529 2283 551 2288 —
564 2265 748 2296 Aristoteles
769 2274 908 2306 quoque,
925 2265 957 2295 in
979 2265 1005 2294 11
1020 2265 1059 2296 de
1073 2266 1190 2295 Anima
1203 2265 1230 2301 *,
1246 2264 1410 2295 manifeste

352 2309 423 2339 vult
445 2308 534 2349 quod
555 2308 693 2339 sensitivi
710 2308 848 2339 secunda
866 2309 1000 2339 mutatio
1016 2307 1051 2339 fit
1066 2309 1105 2338 ab
1120 2309 1255 2339 obiecto.
1279 2309 1320 2338 Et
1335 2318 1410 2338 con-

353 2357 414 2383 stat
435 2352 524 2393 quod
547 2352 684 2383 secunda
714 2351 848 2382 mutatio
872 2351 1010 2382 sensitivi
1033 2358 1079 2382 est
1102 2352 1230 2392 quando
1253 2352 1339 2382 visus
1363 2361 1410 2382 re-

337 2394 479 2427 ‘ducitur
501 2396 540 2426 de
562 2395 704 2437 potentia
722 2395 763 2426 ad
778 2401 886 2426 actum
900 2396 1085 2432 secundum,
1102 2395 1134 2426 in
1149 2406 1213 2436 qua
1227 2395 1410 2427 reductione

344 2438 437 2477 ,visus
461 2445 491 2471 et
513 2438 549 2471 fit
571 2439 690 2476 videns,
715 2445 745 2470 et
760 2438 796 2470 fit
810 2439 919 2469 videns
935 2438 1006 2476 hoc,
1021 2446 1099 2480 puta
1114 2439 1222 2470 album
1239 2440 1409 2470 obiectum.

349 2483 426 2515 Non
449 2492 524 2523 ergo
547 2483 634 2514 visus
656 2489 726 2524 eget
748 2482 866 2523 duplici
889 2489 1028 2520 motore‚
1053 2483 1151 2514 altero
1175 2484 1214 2513 ad
1237 2483 1298 2514 hoc
1321 2484 1410 2524 quod

347 2526 464 2564 videat,
480 2533 510 2558 et
530 2527 628 2558 altero
643 2527 684 2557 ad
698 2526 760 2557 hoc
776 2527 865 2568 quod
886 2527 990 2558 videat
1005 2527 1123 2558 album.
1136 2545 1158 2550 —
1172 2527 1338 2568 Suffragari
1359 2528 1410 2558 de-

349 2581 444 2602 mum
475 2571 631 2602 rationem
653 2577 739 2612 patet
763 2581 799 2601 ex
822 2581 860 2601 eo
884 2572 973 2612 quod
996 2571 1138 2611 potentia
1162 2571 1254 2602 unica
1278 2571 1410 2602 unicum

350 2615 564 2656 adaequatum
583 2621 699 2651 actum,
715 2615 960 2655 respondentem
975 2615 1070 2646 unico
1090 2616 1264 2655 adaequato
1282 2615 1410 2652 motori,

351 2659 458 2699 exigit:
483 2659 625 2700 alioquin
648 2669 714 2689 non
738 2665 818 2689 esset
841 2658 922 2689 inter
939 2659 1016 2689 haec
1039 2658 1096 2689 tria
1112 2659 1309 2699 adaequatio.
1334 2659 1408 2689 Non

351 2712 426 2743 ergo
450 2710 520 2743 eget
534 2713 598 2734 una
619 2703 760 2743 potentia
777 2703 903 2732 duobus
926 2702 1104 2732 motoribus
1128 2713 1144 2732 e
1167 2702 1293 2742 regione
1310 2703 1409 2733 diver-

353 2746 404 2783 sis,
429 2747 537 2787 quales
561 2753 635 2777 sunt
657 2757 693 2777 ex
716 2753 804 2786 parte
828 2746 942 2776 obiecti
965 2753 996 2777 et
1019 2756 1055 2776 ex
1078 2753 1165 2786 parte
1188 2746 1328 2777 subiecti.

405 2790 442 2820 11.
468 2791 518 2821 Ad
540 2791 602 2820 hoc
625 2790 758 2821 breviter
780 2790 950 2820 dicendum
974 2797 1020 2820 est
1043 2790 1130 2830 quod
1150 2790 1335 2820 huiusmodi
1350 2790 1408 2820 du-

351 2834 441 2864 bium
473 2834 615 2874 procedit
647 2844 684 2864 ex
713 2834 798 2864 malo
828 2834 988 2865 intellectu
1017 2833 1225 2864 distinctionis
1254 2834 1352 2864 factae
1376 2834 1408 2863 in

350 2878 461 2908 littera.
485 2878 536 2908 Ad
560 2877 650 2908 cuius
673 2877 871 2914 evidentiam,
888 2878 966 2908 scito
982 2878 1071 2918 quod
1086 2877 1245 2917 potentiae
1264 2885 1338 2908 sunt
1351 2878 1408 2908 du-

351 2922 442 2962 plicis
465 2921 600 2951 ordinis:
625 2922 782 2962 quaedam
805 2928 879 2951 sunt
901 2932 982 2962 quae
1003 2921 1072 2951 solo
1089 2921 1218 2961 proprio
1236 2928 1307 2952 actu
1324 2931 1408 2952 exer-

352 2972 477 3002 centur;
501 2966 658 3006 quaedam
681 2975 755 2995 vero
779 2964 811 2995 in
835 2965 950 3005 quibus
974 2965 1156 2995 exercitium
1176 2965 1295 3005 proprii
1321 2972 1408 2996 actus

351 3009 554 3049 distinguitur
577 3009 615 3039 ab
639 3016 709 3039 actu
733 3009 813 3049 ipso.
835 3009 869 3038 In
886 3008 990 3048 primo
1007 3009 1116 3039 ordine
1133 3016 1207 3039 sunt
1222 3019 1332 3039 omnes
1347 3019 1405 3049 po-

351 3053 466 3084 tentiae
489 3053 644 3084 naturales
667 3059 698 3083 et
721 3053 888 3090 animales,
913 3058 1068 3092 quatenus
1097 3052 1251 3092 superiori
1273 3052 1407 3093 imperio

351 3107 419 3128 non
448 3097 598 3128 subsunt:
627 3097 660 3127 in
691 3097 831 3127 secundo
865 3096 974 3126 ordine
1009 3102 1082 3126 sunt
1114 3106 1226 3127 omnes
1248 3096 1407 3135 potentiae

351 3141 468 3182 quibus
491 3140 612 3171 utimur
635 3150 710 3171 cum
739 3140 900 3171 volumus.
923 3140 1086 3170 Potentiae
1108 3139 1201 3179 primi
1226 3139 1345 3170 ordinis
1368 3141 1406 3170 ab

352 3185 467 3216 eodem
493 3191 617 3215 motore
639 3184 756 3215 habent
784 3183 923 3225 operari,
948 3190 978 3214 et
1001 3182 1122 3224 operari
1146 3183 1224 3214 hoc:
1248 3183 1407 3223 potentiae

350 3238 426 3260 vero
453 3228 583 3259 secundi
606 3228 725 3258 ordinis
748 3228 787 3258 ab
812 3227 874 3258 alio
898 3234 1022 3258 motore
1044 3227 1160 3257 habent
1182 3237 1291 3264 usum,
1316 3234 1346 3258 et
1369 3228 1407 3258 ab

351 3273 414 3303 alio
437 3272 554 3303 habent
576 3278 683 3303 actum
706 3271 898 3312 specificum,
923 3271 999 3311 quia
1021 3281 1098 3301 usus
1118 3271 1267 3302 aliudest
1281 3272 1319 3302 ab
1335 3278 1407 3302 actu

352 3315 542 3358 specificato.
568 3316 659 3347 Unde
690 3315 847 3347 distinctio
870 3315 974 3356 posita
1000 3315 1033 3345 in
1055 3315 1157 3346 littera
1179 3325 1235 3355 per
1256 3315 1290 3356 ly
1319 3325 1408 3346 exer-

352 3362 461 3392 citium
485 3365 586 3397 actus,
610 3359 755 3400 intelligit
778 3370 873 3390 usum
896 3359 1024 3400 proprie
1042 3359 1171 3395 dictum,
1189 3358 1244 3399 qui
1260 3365 1306 3390 est
1320 3365 1408 3390 actus

351 3404 523 3436 voluntatis
546 3411 582 3435 ut
604 3403 749 3447 principii
768 3403 872 3444 primi,
888 3403 1022 3434 aliarum
1042 3413 1116 3433 vero
1140 3402 1353 3442 potentiarum
1374 3409 1409 3434 ut

353 3448 586 3490 exequentium.
608 3448 652 3478 Ita
672 3447 760 3488 quod
782 3447 883 3478 littera
897 3457 952 3487 per
972 3457 1038 3477 esse
1054 3446 1086 3476 in
1102 3445 1243 3487 potentia
1264 3446 1303 3476 ad
1318 3456 1408 3487 agere

353 3499 384 3524 et
394 3503 460 3523 non
473 3502 573 3532 agere,
589 3502 653 3522 non
666 3491 800 3522 intendit
811 3491 987 3531 potentiam
999 3491 1038 3521 ad
1050 3491 1155 3531 ipsum
1168 3500 1263 3521 suum
1275 3500 1364 3531 agere
1380 3497 1410 3521 et

352 3547 419 3567 non
434 3546 524 3577 agere
544 3536 720 3566 secundum
736 3535 850 3575 seipsa:
876 3535 929 3565 sed
944 3534 1119 3576 potentiam
1139 3535 1178 3564 ad
1194 3544 1282 3574 agere
1299 3541 1329 3565 et
1344 3544 1409 3564 non

353 3591 453 3622 agere,
477 3580 653 3611 secundum
676 3579 764 3620 quod
788 3580 923 3610 subsunt
938 3579 1019 3610 usui.
1043 3578 1184 3610 Potentia
1204 3578 1289 3609 enim
1302 3578 1408 3614 visiva,

1456 959 1492 983 ut
1515 952 1554 982 ab
1577 962 1644 982 uno
1673 953 1818 992 exemplo
1847 952 1945 983 discas
1969 962 2099 988 omnes,
2123 953 2149 983 si
2171 952 2320 984 referatur
2343 953 2382 982 ad
2404 952 2508 983 videre

1457 1002 1487 1027 et
1510 1006 1576 1026 non
1598 996 1702 1027 videre
1732 1003 1768 1026 ut
1790 996 1850 1033 sic,
1876 1003 1906 1027 et
1927 996 2030 1027 videre
2054 996 2132 1033 hoc,
2157 1003 2234 1037 puta
2260 997 2368 1028 album
2390 997 2440 1026 vel
2462 996 2508 1026 ni-

1456 1050 1558 1080 grum,
1583 1040 1621 1070 ab
1645 1040 1759 1070 eodem
1782 1046 1917 1076 motore,
1934 1047 2011 1080 puta
2034 1040 2116 1077 albo,
2137 1041 2295 1071 reducitur
2310 1039 2386 1071 etin
2403 1047 2508 1071 actum

1455 1083 1591 1119 videndi,
1608 1090 1639 1114 et
1660 1083 1694 1114 in
1718 1090 1822 1114 actum
1844 1083 1971 1114 videndi
1994 1084 2111 1116 album.
2135 1085 2176 1115 Et
2189 1084 2250 1115 hoc
2265 1091 2311 1115 est
2327 1094 2508 1124 comparare

1456 1127 1632 1168 potentiam
1655 1127 1695 1157 ad
1718 1137 1813 1158 suurn
1839 1134 1946 1158 actum
1969 1135 2000 1159 et
2023 1128 2180 1158 obiectum
2211 1128 2386 1159 secundum
2409 1138 2452 1168 se.
2477 1128 2509 1159 Si

1457 1177 1564 1202 autem
1593 1171 1743 1202 referatur
1769 1172 1808 1202 ad
1831 1171 1951 1207 videre,
1976 1178 2006 1202 et
2027 1171 2131 1202 videre
2162 1172 2286 1209 album,
2311 1179 2346 1203 ut
2376 1173 2510 1203 subsunt

1457 1215 1539 1251 usui,
1557 1215 1610 1251 sic,
1631 1225 1705 1245 cum
1728 1225 1805 1245 usus
1828 1215 1868 1246 sit
1890 1221 1977 1246 actus
2001 1215 2160 1255 potentiae
2174 1216 2288 1246 visivae
2311 1226 2377 1246 non
2400 1226 2496 1247 secun

1458 1259 1535 1289 dum
1555 1269 1598 1297 se,
1611 1259 1666 1289 sed
1681 1265 1717 1289 ut
1735 1258 1916 1300 exequentis
1934 1259 2130 1290 voluntatem
2146 1259 2386 1300 principiantem
2401 1269 2509 1297 usum;

1458 1303 1501 1333 sic
1518 1302 1579 1332 alio
1596 1309 1664 1342 eget
1683 1309 1808 1333 motore
1823 1303 1863 1333 ad
1878 1303 1939 1333 hoc
1960 1303 2047 1343 quod
2068 1303 2233 1334 reducatur
2248 1304 2280 1334 in
2296 1310 2401 1334 actum
2417 1315 2509 1341 usus,

1459 1352 1489 1376 et
1512 1346 1574 1376 alio
1591 1347 1629 1376 ad
1649 1347 1711 1377 hoc
1730 1354 1765 1377 ut
1778 1347 1944 1377 reducatur
1958 1346 1990 1377 in
2009 1353 2115 1378 actum
2135 1358 2209 1378 suae
2225 1348 2370 1388 propriae
2386 1348 2509 1388 speciei.

1514 1390 1554 1419 Et
1577 1390 1627 1420 hic
1651 1389 1697 1420 est
1719 1400 1828 1420 sensus
1846 1400 1938 1421 verus
1953 1390 2048 1421 huius
2070 1391 2276 1422 distinctionis
2293 1399 2323 1423 et
2337 1392 2465 1429 litterae,
2482 1399 2512 1423 et

1459 1433 1607 1464 intentus.
1624 1434 1725 1464 Verus
1748 1434 1887 1474 quidem,
1911 1434 1995 1474 quia,
2011 1442 2047 1466 ut
2065 1435 2194 1466 inferius
2208 1435 2227 1454 ‘¹‘
2240 1436 2371 1476 patebit,
2398 1438 2445 1467 uti
2467 1443 2513 1467 est

1460 1483 1548 1507 actus
1575 1477 1746 1507 voluntatis
1776 1484 1811 1508 ut
1839 1477 2037 1517 imperantis,
2062 1485 2091 1509 et
2119 1479 2309 1520 reliquarum
2339 1480 2454 1511 virium
2477 1488 2512 1511 ut

1462 1520 1694 1560 exequentium.
1718 1521 1759 1550 Et
1774 1527 1895 1551 constat
1910 1522 1999 1561 quod
2014 1532 2125 1552 omnes
2141 1524 2299 1563 potentiae
2319 1524 2442 1555 animae
2457 1535 2511 1565 ap-

1461 1563 1618 1604 plicantur
1640 1574 1659 1594 a
1680 1564 1842 1594 voluntate
1865 1565 1905 1595 ad
1928 1575 2003 1595 suos
2026 1572 2127 1596 actus:
2151 1568 2239 1607 quod
2262 1568 2340 1599 nihil
2361 1568 2447 1599 aliud
2467 1575 2514 1599 est

1461 1618 1560 1648 quam
1577 1607 1757 1638 exercitium
1775 1615 1873 1644 actus,
1892 1615 1922 1639 et
1939 1609 1985 1639 uti
2000 1619 2055 1639 seu
2079 1619 2155 1640 usus
2173 1610 2306 1642 illarum.
2327 1612 2514 1643 Consonant

1462 1651 1570 1682 omnia
1592 1651 1666 1682 huic
1689 1661 1774 1682 vero.
1798 1651 1961 1688 Quoniam
1984 1652 2174 1683 obiectiones
2190 1654 2223 1684 in
2237 1656 2421 1695 oppositum
2436 1656 2514 1686 nihil

1462 1695 1598 1726 militant
1620 1701 1728 1726 contra
1750 1695 1847 1725 istum
1871 1706 2008 1727 sensum.
2031 1696 2136 1727 Prima
2159 1697 2243 1728 enirn
2258 1699 2392 1730 obiectio
2410 1700 2514 1740 loqui-

1461 1746 1512 1770 tur
1535 1739 1574 1770 de
1597 1738 1745 1779 potentiis
1769 1738 1862 1779 primi
1886 1740 2013 1770 ordinis.
2038 1740 2181 1771 Secunda
2197 1742 2235 1771 de
2250 1743 2397 1782 potentiis
2413 1744 2514 1774 relatis

1462 1783 1501 1814 ad
1517 1793 1600 1818 *suos
1624 1789 1710 1813 actus
1733 1783 1909 1813 secundum
1932 1794 1974 1820 se,
1999 1794 2064 1814 non
2088 1785 2263 1815 secundum
2280 1787 2367 1826 quod
2382 1788 2515 1818 subsunt

1463 1827 1544 1858 usui.
1569 1826 1675 1857 Tertia
1698 1836 1827 1867 quoque
1852 1827 1890 1857 de
1910 1827 2059 1867 potentiis
2083 1835 2113 1859 et
2136 1828 2254 1859 actibus
2283 1837 2312 1860 et
2340 1831 2445 1861 activis
2468 1841 2513 1861 se-

1463 1871 1604 1902 cundum
1634 1880 1667 1900 se
1696 1870 1854 1911 loquitur:
1879 1878 1939 1902 stat
1967 1871 2051 1902 enim
2074 1872 2163 1912 quod
2190 1873 2282 1903 unica
2305 1875 2446 1914 potentia
2469 1885 2514 1905 se-

1462 1915 1604 1946 cundum
1631 1924 1664 1944 se
1691 1921 1781 1954 egeat
1802 1924 1868 1944 uno
1897 1921 2040 1952 motore,
2065 1922 2096 1946 et
2118 1923 2154 1947 ut
2175 1917 2281 1948 subest
2304 1918 2404 1955 alteri,
2428 1926 2515 1958 egeat

1462 1959 1541 1995 alio,
1565 1965 1602 1989 ut
1623 1965 1718 1998 patet.
1734 1975 1755 1980 —
1772 1958 1870 1996 Quod
1893 1966 1999 1990 autem
2022 1959 2083 1990 hoc
2107 1959 2146 1990 sit
2167 1960 2323 1992 intentum
2345 1961 2378 1992 in
2400 1962 2513 1999 littera,

1463 2009 1548 2043 patet
1567 2001 1660 2032 etiam
1684 2011 1721 2032 ex
1736 2002 1831 2032 verbo
1847 2002 1975 2038 litterae,
1991 2003 2046 2033 ubi
2062 2003 2182 2040 dicitur,
2199 2010 2351 2044 quantum
2367 2006 2410 2036 ad
2425 2016 2515 2037 exer-

1463 2047 1570 2076 citium
1595 2046 1646 2076 vel
1668 2055 1759 2076 usum
1784 2051 1883 2076 actus.
1907 2046 1948 2076 Et
1966 2046 2094 2077 inferius
2110 2047 2142 2077 in
2162 2049 2345 2088 quaestione
2369 2049 2406 2079 de
2427 2051 2474 2081 uti
2487 2050 2513 2086 *,

1462 2089 1655 2130 apertissime
1674 2089 1857 2129 exprimitur
1879 2090 1968 2130 quod
1991 2090 2037 2121 uti
2060 2091 2138 2121 nihil
2165 2091 2251 2122 aliud
2274 2099 2320 2123 est
2342 2103 2438 2133 quam
2462 2104 2514 2134 ap-

1462 2133 1590 2174 plicatio
1612 2132 1826 2173 potentiarum
1845 2133 1885 2163 ad
1900 2144 1956 2164 sua
1970 2144 2074 2174 opera.
2099 2134 2232 2166 Constat
2255 2136 2338 2166 enim
2357 2138 2445 2178 quod
2460 2148 2516 2178 per

1463 2177 1644 2208 exercitium
1668 2183 1754 2207 actus
1777 2176 1828 2207 hic
1851 2176 1929 2207 nihil
1952 2177 2038 2208 aliud
2061 2178 2244 2218 intelligitur
2266 2180 2324 2210 nisi
2347 2181 2514 2221 applicatio

1463 2221 1622 2260 potentiae
1638 2221 1677 2250 ad
1693 2230 1785 2250 suam
1797 2221 2024 2260 operationem,
2038 2232 2126 2261 agere
2141 2222 2257 2253 scilicet
2270 2223 2319 2254 vel
2334 2234 2399 2254 non
2415 2235 2514 2265 agere.

1463 2265 1505 2295 Et
1527 2264 1571 2294 sic
1594 2263 1757 2294 manifeste
1780 2264 1915 2295 salvatur
1938 2266 2026 2305 quod
2048 2265 2110 2296 hoc
2133 2273 2179 2296 est
2202 2276 2238 2297 ex
2260 2275 2347 2307 parte
2370 2269 2514 2305 subiecti,

1464 2315 1494 2338 et
1516 2308 1596 2338 illud
1618 2306 1741 2343 obiecti,
1766 2314 1822 2338 etc.

1518 2351 1559 2381 Et
1581 2351 1607 2381 si
1631 2351 1759 2388 Scotus„
1778 2361 1852 2381 cum
1875 2351 1982 2382 ceteris
2005 2362 2087 2393 quos
2111 2353 2203 2383 refert
2224 2353 2257 2384 in
2281 2354 2307 2384 11
2331 2354 2430 2393 Sent„
2447 2356 2516 2386 dist.

1462 2405 1536 2432 xur,
1558 2405 1612 2435 qu.
1635 2406 1655 2431 1,
1678 2395 1840 2426 tractando
1858 2396 1994 2426 modum
2017 2406 2083 2437 quo
2106 2397 2253 2436 cogitatio
2277 2398 2383 2430 subest
2404 2399 2517 2430 volun-

1465 2439 1538 2475 tati,
1563 2439 1744 2470 advertisset
1767 2439 1806 2468 ad
1829 2438 1908 2478 hoc,
1933 2439 2050 2470 scilicet
2072 2441 2160 2481 quod
2183 2450 2249 2471 non
2272 2443 2378 2473 subest
2400 2443 2460 2473 nisi
2482 2450 2518 2473 ut

1464 2483 1572 2513 subest
1593 2482 1676 2513 actui
1698 2482 1870 2513 voluntatis
1893 2483 1947 2523 qui
1971 2490 2017 2514 est
2040 2484 2099 2521 uti;
2122 2484 2261 2520 vidisset,
2285 2485 2405 2525 primo,
2430 2488 2518 2527 quod

1463 2526 1549 2557 idem
1572 2533 1618 2557 est
1639 2526 1794 2557 iudicium
1817 2527 1855 2556 de
1879 2527 2087 2566 applicatione
2106 2527 2279 2559 intellectus
2291 2526 2342 2559 sa‘d
2365 2531 2517 2561 secundas

1464 2570 1686 2610 cogitationes,
1719 2577 1750 2601 et
1779 2570 1863 2601 oculi
1893 2571 1933 2600 ad
1962 2570 2150 2607 videndum,
2181 2582 2294 2602 manus
2317 2573 2356 2603 ad
2386 2584 2516 2613 operan-

1464 2614 1551 2650 dum,
1577 2621 1632 2645 etc.
1656 2614 1847 2650 Divertisset‚
1872 2614 2024 2650 secundo,
2049 2625 2068 2644 a
2090 2621 2139 2645 tot
2161 2616 2310 2646 extrane1s
2332 2616 2514 2658 phantasiis.

1464 2658 1688 2694 Conclusisset‚
1705 2658 1806 2694 tertio,
1829 2658 1917 2697 quod
1931 2658 1992 2688 hoc
2007 2665 2125 2698 spectat
2147 2659 2186 2688 ad
2209 2666 2374 2690 tractatum
2399 2661 2436 2691 de
2452 2663 2499 2692 uti
2503 2684 2513 2699 ,

1462 2702 1629 2742 quomodo
1653 2702 1768 2732 scilicet
1790 2702 1836 2732 uti
1859 2702 1899 2731 sit
1920 2708 2007 2732 actus
2034 2702 2220 2738 voluntatis,
2246 2704 2284 2733 de
2307 2714 2372 2744 quo
2396 2705 2476 2735 infra
2498 2705 2516 2724 *

1462 2746 1651 2776 tractabitur.
1676 2746 1763 2775 Haec
1787 2745 1926 2781 dixerim,
1951 2755 1990 2775 ne
2014 2745 2126 2786 aliquis
2149 2756 2216 2776 rem
2235 2746 2358 2777 facilem
2380 2748 2412 2778 in
2436 2749 2514 2779 diffi-

1463 2789 1555 2820 cilem
1577 2799 1699 2820 versam
1721 2789 1837 2828 legens,
1861 2789 1984 2819 nodum
2007 2788 2040 2818 in
2064 2790 2166 2829 scirpo
2190 2790 2306 2821 timeat.

1515 2833 1566 2863 111.
1580 2833 1671 2863 Circa
1681 2833 1826 2863 ultimam
1838 2839 1959 2872 partem
1972 2833 2113 2863 eiusdem
2125 2833 2255 2869 articuli,
2266 2834 2398 2864 dubium
2411 2835 2514 2874 prirno

1462 2877 1598 2908 occurrit
1613 2877 1651 2907 de
1666 2876 1719 2906 illa
1742 2876 1960 2916 propositione
1984 2884 2144 2916 assumpta
2158 2877 2191 2906 in
2206 2877 2324 2907 littera:
2353 2878 2513 2909 Obiectum

1463 2926 1575 2958 movet,
1593 2920 1834 2951 determinando
1849 2926 1965 2958 actum,
1982 2921 2024 2950 ad
2047 2921 2171 2951 modum
2181 2922 2334 2961 principii
2348 2922 2512 2962 formalis,

1462 2975 1483 2995 a
1505 2974 1567 3005 quo
1591 2965 1622 2994 in
1647 2964 1742 2994 rebus
1757 2964 1958 2994 naturalibus
1971 2965 2054 2994 actio
2068 2964 2280 3004 specificatur,
2298 2970 2332 2995 ut
2347 2966 2514 3006 calefactio

1462 3019 1482 3038 a
1505 3009 1622 3039 calore.
1646 3010 1711 3038 Aut
1733 3010 1854 3038 Auctor
1876 3007 2010 3037 intendit
2032 3008 2121 3047 quod
2144 3008 2303 3038 obiectum
2326 3016 2452 3040 moveat
2475 3011 2514 3039 ad

1462 3053 1597 3082 modurn
1607 3051 1752 3096 principii
1765 3051 1939 3081 secundum
1953 3061 2029 3087 rem,
2042 3051 2123 3082 idest
2138 3052 2313 3082 secundum
2325 3052 2404 3083 illud
2415 3063 2514 3093 genus

1462 3105 1573 3126 causae
1596 3105 1662 3135 quo
1686 3102 1793 3125 movet
1805 3094 1998 3134 principium
2020 3105 2081 3135 quo
2105 3095 2234 3126 actionis
2254 3095 2287 3126 in
2304 3096 2512 3127 naturalibus:

1461 3146 1515 3170 aut
1538 3139 1626 3180 quod
1649 3138 1810 3169 obiectum
1832 3145 1959 3169 moveat
1980 3138 2014 3169 in
2037 3148 2148 3178 genere
2172 3149 2282 3170 causae
2305 3139 2461 3176 formalis,
2485 3147 2515 3171 et

1461 3182 1678 3223 exemplariter
1701 3189 1800 3213 cetera
1823 3182 2002 3213 afferuntur.
2033 3182 2066 3213 Si
2089 3183 2174 3213 enim
2196 3183 2330 3214 intendit
2355 3183 2493 3223 primum
2506 3207 2513 3220 ,

1461 3228 1565 3258 obstat
1580 3226 1684 3257 statim
1700 3226 1887 3266 subsumpta
1901 3226 2090 3267 propositio,
2106 3227 2236 3257 scilicet:
2249 3228 2392 3258 Primum
2408 3233 2513 3258 autem

1452 3271 1599 3312 formale
1611 3270 1807 3310 principium
1824 3275 1871 3301 est
1890 3280 1946 3301 ens
1964 3275 1995 3300 et
2009 3280 2119 3301 uerum
2140 3272 2328 3302 universale.
2354 3272 2515 3308 Quoniam

1461 3322 1536 3346 tunc
1573 3314 1675 3357 prima
1705 3313 1880 3354 propositio
1914 3320 2086 3344 assumeret
2117 3314 2155 3344 de
2186 3315 2340 3355 principio
2375 3315 2514 3345 effectivo

1461 3367 1544 3400 quo:
1566 3365 1612 3389 est
1635 3357 1720 3389 enirn
1743 3358 1848 3394 calor,
1874 3368 1940 3398 quo
1965 3358 2102 3389 calidum
2125 3358 2281 3394 calefacit,
2305 3358 2514 3389 calefactionis

1461 3402 1652 3444 principium
1675 3402 1708 3432 in
1730 3411 1843 3442 genere
1865 3412 1975 3432 causae
1999 3401 2168 3438 efficientis,
2193 3402 2335 3442 quamvis
2357 3402 2389 3432 in
2405 3402 2515 3433 ordine

1462 3447 1502 3478 ad
1525 3445 1706 3477 calefaciens
1736 3456 1768 3476 se
1792 3445 1904 3477 habeat
1926 3453 1962 3476 ut
1989 3445 2178 3486 principium
2201 3445 2341 3476 formale.
2372 3446 2515 3476 Secunda

1462 3497 1570 3521 autem
1592 3490 1768 3530 propositio
1793 3491 1990 3520 subsumeret
2013 3490 2050 3520 de
2074 3489 2227 3529 principio
2251 3489 2383 3520 formali.
2404 3490 2445 3520 Et
2472 3490 2515 3519 sic

1462 3545 1627 3575 processus
1644 3534 1721 3564 nihil
1736 3534 1945 3565 concluderet.
1958 3551 1979 3556 —
1994 3534 2033 3564 Et
2050 3533 2261 3564 confirmatur.
2279 3533 2339 3564 Ista
2354 3533 2432 3564 ratio
2449 3540 2514 3563 ten-

1464 3579 1509 3609 dit
1524 3579 1563 3609 ad
1586 3578 1657 3609 hoc.
1676 3578 1759 3615 Quia
1774 3578 1933 3609 obiectum
1952 3577 2045 3607 habet
2060 3577 2212 3608 rationem
2236 3577 2380 3617 principii
2399 3577 2513 3607 forma-

2539 1446 2550 1457 ·
2560 1446 2608 1473 Qu.
2618 1451 2664 1471 xvr,
2678 1448 2719 1467 art.
2731 1450 2750 1466 1.

2541 2057 2553 2067 ’
2566 2056 2625 2078 lbid.

2544 2705 2551 2713 '
2566 2702 2625 2724 Ibid.
