2846 4146
155 727 166 738 ⁸
175 726 200 749 S.
206 726 250 748 Th.
259 727 310 749 lect.
318 733 365 754 xvi,

154 759 209 775 xxn.

179 997 226 1025 Qu.
241 1002 271 1023 u,
286 1000 328 1018 art.
342 1002 362 1023 2,

154 1102 162 1110 ·
178 1101 225 1128 Qu.
239 1106 275 1127 ιν,
290 1104 331 1122 art.
341 1106 361 1128 3,

151 1257 160 1268 “
176 1257 231 1284 cap.
246 1263 278 1278 111.

151 1362 160 1372 ·
175 1360 242 1383 Vere.
255 1367 285 1383 21.

150 1471 161 1481 ⁸
184 1470 231 1498 Qu.
245 1476 298 1498 xix,
317 1475 358 1493 art.

148 1502 173 1524 32
192 1503 214 1523 4·

391 230 468 275 408

392 320 475 345 sum
504 319 581 344 esse
607 307 715 344 aliter
742 307 947 352 continens,
977 307 1049 343 nisi
1074 307 1177 343 Deus
1205 306 1265 342 det
1287 310 1314 341 α.
1345 305 1446 351 Ergo

392 372 463 397 nec
484 360 645 396 virtutes
673 359 820 407 aliquae
848 366 1007 408 possunt
1034 358 1071 396 in
1100 358 1209 395 nobis
1234 356 1378 393 causari
1404 367 1448 392 ex

393 412 632 449 assuetudine
653 424 830 460 operum;
851 412 917 449 sed
937 412 1061 448 solum
1082 411 1184 447 dono
1205 409 1287 446 Dei.

449 466 482 502 3.
513 466 743 511 PRAETEREA,
765 472 869 501 actus
895 463 959 511 qui
978 470 1064 500 sunt
1083 463 1120 499 in
1139 461 1317 499 virtutem
1337 458 1363 506 β,
1384 459 1446 496 de-

392 517 525 554 ficiunt
550 530 573 554 a
605 517 835 565 perfectione
871 515 1027 552 virtutis.
1067 514 1143 551 Sed
1177 513 1334 549 effectus
1368 523 1447 548 non

391 577 515 619 potest
543 582 624 606 esse
647 569 846 618 perfectior
865 580 987 604 causa.
1009 568 1110 613 Ergo
1130 565 1248 602 virtus
1267 576 1345 600 non
1364 571 1446 612 pot-

394 630 449 659 est
477 622 622 659 causari
650 634 695 658 ex
724 621 867 658 actibus
894 618 1206 667 praecedentibus
1229 617 1418 653 virtutem.

447 676 520 711 SED
541 686 685 711 CONTRA
703 685 768 710 EsT
783 672 887 720 quod
902 671 1109 718 Dionysius
1130 669 1228 716 dicit,
1250 681 1285 705 ιν
1304 681 1386 717 cap.
1402 669 1448 705 de

391 728 478 764 Div.
507 727 623 764 Nom.
653 726 683 772 *‚
713 725 817 773 quod
846 725 992 761 bonum
1021 730 1076 759 est
1102 721 1306 759 virtuosius
1330 733 1446 769 quarn

392 780 548 816 malum.
578 779 654 815 Sed
682 790 727 814 ex
754 776 861 813 malis
889 775 1033 812 actibus
1068 781 1270 811 causantur
1297 774 1446 811 habitus

390 831 582 868 vitiorum.
603 831 704 878 Ergo
724 830 843 866 multo
864 827 984 875 magis
1004 839 1049 864 ex
1068 827 1177 864 bonis
1196 826 1341 864 actibus
1359 839 1446 875 pos-

391 891 477 920 sunt
504 883 647 920 causari
673 881 822 918 habitus
849 880 1043 918 virtutum.

444 937 667 972 RESPONDEO
695 945 877 971 D1CENDUM
906 932 1011 981 quod
1039 933 1086 970 de
1115 931 1357 979 generatione
1381 933 1446 968 ha-

390 988 538 1025 bituum
564 999 607 1024 ex
627 987 782 1033 actibus,
803 998 916 1034 supra
935 985 955 1007 *
974 985 1012 1022 in
1032 984 1196 1033 generali
1216 984 1358 1021 dictum
1378 993 1444 1021 est.

391 1041 504 1077 Nunc
523 1047 649 1076 autem
665 1038 873 1087 specialiter
887 1045 1071 1085 quantum
1088 1037 1135 1074 ad
1150 1037 1340 1084 virtutem,
1358 1049 1446 1074 con-

389 1092 632 1130 siderandum
662 1099 717 1128 est
745 1090 860 1139 quod,
891 1091 985 1127 sicut
1012 1102 1126 1138 supra
1152 1089 1172 1111 ‘¹‘
1201 1090 1342 1126 dictum
1371 1097 1445 1137 est,

386 1146 504 1182 virtus
522 1144 688 1181 hominis
706 1143 853 1192 perficit
871 1143 997 1191 ipsum
1017 1142 1066 1179 ad
1085 1143 1243 1179 bonum.
1262 1142 1361 1178 Cum
1382 1155 1446 1179 au-

387 1205 464 1234 tem
493 1198 584 1234 ratio
614 1197 705 1233 boni
741 1196 918 1233 consistat
945 1195 983 1232 in
1011 1195 1140 1241 mod0,
1178 1195 1298 1243 specie
1325 1200 1360 1231 et
1386 1207 1446 1232 or-

387 1251 483 1296 dine,
499 1258 539 1287 ut
554 1249 786 1297 Augustinus
802 1248 890 1285 dicit
903 1248 942 1284 in
956 1247 1051 1284 libro
1067 1248 1113 1284 de
1126 1246 1279 1285 Natura
1293 1248 1395 1284 Boni
1406 1248 1426 1269 *
1435 1261 1443 1294 ;

387 1303 466 1340 sive
495 1303 533 1339 in
561 1314 735 1347 numero,
768 1301 937 1350 pondere
964 1306 1000 1337 et
1025 1312 1215 1346 mensura,
1244 1307 1285 1337 ut
1313 1300 1445 1338 dicitur

386 1357 473 1404 Sap.
493 1367 528 1392 Χι
556 1354 594 1391 ²³⁶:
624 1361 773 1403 oportet
801 1354 906 1402 quod
941 1354 1087 1390 bonum
1116 1353 1282 1390 hominis
1311 1366 1443 1391 secun-

386 1409 478 1445 dum
498 1407 664 1456 aliquam
683 1407 852 1455 regulam
873 1406 1141 1444 consideretur.
1159 1407 1268 1453 Quae
1289 1406 1445 1455 quidem

386 1469 442 1498 est
470 1460 620 1509 duplex,
648 1467 690 1496 ut
717 1471 831 1508 supra
857 1459 878 1481 ²¹²
906 1459 1048 1496 dictum
1077 1466 1152 1496 est:
1183 1459 1323 1496 scilicet
1350 1459 1443 1496 ratio

385 1514 566 1560 humana,
587 1520 624 1550 et
650 1514 710 1549 Iex
739 1511 878 1549 divina.
908 1512 957 1549 Et
984 1511 1074 1560 quia
1101 1512 1160 1548 Iex
1189 1511 1318 1549 divina
1345 1517 1360 1540 Υ
1390 1520 1446 1549 est

386 1565 557 1615 superior
594 1566 739 1614 regula,
778 1565 864 1602 ideo
894 1564 943 1601 ad
973 1565 1082 1612 plura
1110 1576 1150 1602 se
1181 1565 1366 1602 extendit:
1394 1565 1445 1603 ita

385 1619 491 1668 quod
518 1618 702 1667 quidquid
727 1618 918 1665 regulatur
936 1617 1081 1654 ratione
1100 1618 1281 1664 humana,
1301 1619 1444 1665 regula-

385 1679 446 1708 tur
474 1671 586 1708 etiam
612 1672 694 1718 lege
714 1670 854 1716 divina,
875 1669 942 1706 sed
962 1682 1040 1706 non
1061 1670 1301 1707 convertitur.

437 1724 564 1761 Virtus
591 1724 700 1771 igitur
725 1723 892 1760 hominis
915 1722 1087 1759 ordinata
1105 1723 1154 1759 ad
1173 1723 1320 1759 bonurn
1341 1723 1444 1771 quod

386 1777 627 1817 modificatur
647 1776 858 1813 secundum
879 1775 1047 1823 regulam
1067 1774 1220 1811 rationis
1240 1775 1443 1823 humanae,

384 1836 509 1878 potest
529 1841 573 1865 ex
593 1828 737 1866 actibus
757 1828 934 1865 humanis
955 1827 1116 1864 causari:
1137 1827 1362 1875 inquantum
1378 1829 1445 1864 hu-

383 1881 550 1919 iusmodi
569 1888 674 1918 actus
688 1880 901 1929 procedunt
920 1892 942 1916 a
961 1880 1116 1926 ratione,
1134 1880 1204 1916 sub
1221 1879 1326 1916 cuius
1340 1887 1445 1928 pote-

384 1942 476 1971 state
498 1941 533 1970 et
551 1934 679 1980 regula
705 1934 779 1969 tale
808 1933 955 1969 bonum
976 1932 1153 1969 consistit.
1170 1932 1332 1968 -Virtus
1350 1944 1444 1969 vero

384 1987 563 2024 ordinans
595 1985 793 2022 hominem
826 1986 874 2022 ad
911 1985 1058 2021 bonum
1094 1985 1305 2021 secundum
1339 1985 1443 2032 quod

384 2039 626 2076 modificatur
653 2051 722 2087 per
748 2039 872 2086 legem
903 2037 1090 2084 divinam,
1122 2045 1158 2074 et
1185 2049 1263 2074 non
1291 2049 1359 2086 per
1387 2050 1445 2074 ra-

383 2092 527 2131 tionem
555 2092 777 2138 humanam,
808 2103 887 2128 non
914 2098 1039 2139 potest
1067 2089 1212 2127 causari
1243 2102 1313 2138 per
1340 2098 1445 2127 actus

383 2146 586 2191 humanos,
616 2156 783 2192 quorum
811 2143 1039 2192 principium
1061 2149 1116 2179 est
1134 2142 1249 2179 ratio:
1270 2143 1338 2180 sed
1359 2155 1445 2180 cau-

384 2205 484 2234 satur
504 2198 627 2233 solum
648 2196 685 2233 in
705 2196 814 2233 nobis
833 2208 901 2245 per
920 2195 1182 2244 operationem
1199 2195 1379 2232 divinam.
1396 2197 1445 2232 Et
1468 2185 1472 2237 Ι

439 2310 465 2342 α)
486 2310 538 2334 det.
552 2323 570 2328 —
589 2309 693 2334 dederit
712 2309 758 2333 Ρα.

439 2344 463 2378 β)
483 2347 544 2369 sunt
563 2345 589 2369 in
609 2344 741 2368 virtutem.
755 2357 774 2362 —
792 2347 854 2368 sunt
873 2344 899 2368 in
924 2344 1023 2368 virtute
1046 2344 1264 2375 ACEFGILpBD‚
1278 2343 1445 2375 praecedunt

386 2381 510 2405 vir-tutem
525 2380 568 2410 sB,
582 2382 646 2404 sunt
663 2379 806 2404 secundum
826 2379 937 2403 virtutes
957 2379 1004 2410 εΗ,
1017 2381 1079 2403 sunt
1098 2379 1154 2403 sine
1169 2379 1267 2403 virtute
1281 2379 1361 2403 PKsD
1377 2383 1402 2403 et
1413 2385 1445 2407 a,-

385 2420 564 2448 argumentum
583 2422 636 2438 om.
655 2415 707 2446 pl-l.

438 2451 464 2483 γ)
485 2450 520 2475 Et
539 2450 602 2482 quia
616 2450 662 2474 Iex
676 2449 776 2473 divina.
788 2462 806 2468 —
821 2449 890 2479 Quia
903 2449 949 2474 Iex
962 2449 1053 2473 divina
1073 2448 1252 2481 AGILpBDH,
1268 2448 1340 2478 Quia
1353 2451 1443 2472 autem

1067 228 1332 274 QUAESTIO
1362 228 1500 274 LXIII,
1529 226 1824 263 ARTICULUS
1854 226 1885 261 11

1501 303 1601 350 ideo,
1622 303 1839 340 huiusmodi
1865 303 2043 341 virtutem
2069 303 2266 351 definiens,
2286 302 2518 351 Augustinus
2538 304 2558 324 *

1501 356 1628 403 posuit
1655 356 1692 392 in
1721 355 1940 393 definitione
1966 355 2133 394 virtutis:
2162 368 2276 404 quam
2303 357 2407 393 Deus
2423 348 2468 392 'in
2493 366 2557 392 no-

1501 409 1556 445 his
1581 409 1662 445 sine
1689 409 1794 445 nobis
1819 413 2007 456 operatur.

1554 461 1604 497 Et
1631 460 1678 497 de
1697 459 1915 497 huiusmodi
1935 460 2048 498 etiarn
2067 460 2268 498 virtutibus
2286 458 2300 482 δ
2320 460 2444 509 prima
2463 460 2555 498 ratio

1500 513 1683 561 procedit.

1555 567 1613 601 AD
1651 575 1840 602 secunaum
1876 576 2060 602 morannum
2093 565 2198 614 quod
2228 564 2346 602 virtus
2379 563 2558 601 divinitus

1500 616 1639 664 infusa,
1677 617 1842 654 maxime
1875 616 1905 654 si
1942 617 1981 654 in
2017 629 2085 654 sua
2120 617 2350 666 perfectione
2387 615 2559 653 conside-

1501 677 1618 716 retur,
1649 682 1727 706 non
1755 669 1983 718 compatitur
2009 682 2140 707 secum
2174 669 2330 718 aliquod
2356 675 2558 718 peccatum

1501 723 1661 759 mortale
1676 722 1708 758 *.
1739 722 1816 759 Sed
1842 721 1962 759 virtus
1989 721 2207 759 humanitus
2235 721 2417 770 acquisita
2435 727 2560 770 potest

1499 786 1631 811 secum
1673 774 1839 823 compati
1875 774 2041 822 aliquem
2078 781 2205 824 actum
2241 774 2407 823 peccati,
2445 773 2559 810 etiam

1501 828 1686 864 mortalis:
1716 827 1805 876 quia
1831 839 1924 864 usus
1950 826 2102 863 habitus
2129 826 2168 863 in
2195 827 2305 864 nobis
2331 834 2388 864 est
2405 833 2559 864 nostrae

1498 880 1684 916 voluntati
1711 879 1918 927 subiectus,
1946 886 1988 916 ut
2015 891 2130 928 supra
2159 878 2180 900 ’¹‘
2207 879 2350 916 dictum
2378 886 2452 925 est;
2480 890 2559 916 non

1499 940 1627 969 autem
1655 944 1724 981 per
1750 945 1872 969 unum
1901 939 2028 969 actum
2056 931 2202 980 peccati
2221 932 2475 980 corrumpitur
2492 932 2559 968 ha—

1500 984 1598 1021 bitus
1624 985 1772 1021 virtutis
1805 984 2028 1033 acquisitae3
2056 983 2201 1021 habitui
2229 983 2331 1020 enim
2362 996 2441 1021 non
2469 996 2559 1021 con-

1499 1037 1671 1074 trariatur
1699 1037 1837 1074 directe
1866 1045 1983 1084 actus,
2004 1037 2072 1074 sed
2099 1036 2261 1074 habitus.
2285 1037 2335 1074 Et
2355 1036 2455 1084 ideo,
2474 1036 2560 1074 licet

1499 1090 1578 1127 sine
1613 1090 1731 1138 gratia
1757 1091 1875 1127 homo
1905 1102 1983 1127 non
2015 1089 2134 1139 possit
2165 1095 2364 1138 peccatum
2399 1089 2558 1125 mortale

1498 1143 1636 1190 vitare,
1666 1143 1715 1179 ita
1744 1143 1848 1191 quod
1884 1154 2083 1191 nunquam
2116 1149 2248 1191 peccet
2284 1141 2491 1178 mortaliter
2517 1141 2557 1187 *3

1499 1208 1577 1233 non
1602 1203 1731 1232 tamen
1750 1195 1955 1244 impeditur
1974 1195 2064 1244 quin
2083 1195 2204 1243 possit
2222 1193 2394 1231 habitum
2412 1193 2559 1231 virtutis

1498 1248 1705 1297 acquirere,
1724 1261 1794 1297 per
1812 1260 1929 1296 quam
1949 1260 1971 1285 a
1991 1247 2099 1284 malis
2119 1247 2299 1296 operibus
2317 1246 2502 1284 abstineat
2518 1253 2561 1283 ut

1497 1302 1536 1339 in
1563 1301 1745 1350 pluribus,
1777 1309 1813 1338 et
1839 1300 2044 1350 praecipue
2073 1301 2121 1338 ab
2144 1300 2203 1337 his
2223 1311 2321 1348 quae
2342 1306 2428 1336 sunt
2445 1299 2559 1337 valde

1498 1354 1633 1391 rationi
1662 1353 1858 1391 contraria.
1881 1375 1904 1381 -
1925 1354 2022 1390 Sunt
2049 1353 2164 1390 etiam
2192 1352 2384 1401 quaedam
2403 1359 2560 1401 peccata

1498 1406 1672 1447 mortalia
1698 1419 1798 1456 quae
1825 1407 1945 1443 homo
1974 1405 2054 1443 sine
2082 1405 2199 1454 gratia
2223 1405 2325 1442 nullo
2350 1405 2470 1442 modo
2488 1416 2558 1454 po·

1497 1468 1568 1498 test
1594 1460 1730 1506 vitare,
1760 1471 1859 1509 quae
1887 1458 2027 1496 scilicet
2055 1458 2194 1496 directe
2219 1464 2466 1508 opponuntur
2482 1457 2558 1495 vir-

1497 1513 1638 1551 tutibus
1665 1511 1887 1560 theologicis
1915 1513 1947 1558 *,
1977 1523 2075 1560 quae
2104 1523 2150 1548 ex
2179 1510 2282 1548 dono
2311 1510 2450 1558 gratiae
2471 1517 2559 1549 sunt

1498 1565 1536 1603 in
1564 1565 1686 1602 nobis.
1717 1565 1803 1601 Hoc
1830 1572 1959 1601 tamen
1986 1564 2081 1601 infra
2098 1563 2119 1586 ’Β
2138 1563 2373 1600 manifestius
2391 1563 2458 1600 fiet
2477 1568 2502 1600 ⁸.

1551 1620 1610 1655 Αι)
1629 1629 1788 1654 Taurum
1808 1628 1991 1654 mcunnum
2011 1616 2128 1665 quod,
2158 1616 2253 1652 sicut
2281 1615 2424 1652 dictum
2450 1622 2507 1652 est
2523 1615 2557 1662 ¹⁸,

1497 1671 1679 1707 virtutum
1699 1669 1965 1718 acquisitarum
1984 1668 2239 1716 praeexistunt
2256 1667 2296 1704 in
2313 1667 2424 1704 nobis
2443 1678 2559 1716 quae-

1498 1723 1588 1760 dam
1617 1722 1763 1759 semina
1794 1721 1874 1758 sive
1902 1720 2098 1770 principia,
2128 1720 2342 1758 secundum
2369 1727 2557 1758 naturam.

1499 1776 1610 1822 Quae
1639 1774 1794 1822 quidem
1813 1773 1998 1823 principia
2030 1780 2117 1810 sunt
2145 1772 2332 1810 nobiliora
2358 1772 2559 1811 virtutibus

1499 1840 1633 1864 eorum
1661 1827 1799 1864 virtute
1827 1826 2039 1874 acquisitis:
2068 1826 2162 1863 sicut
2187 1825 2397 1863 intellectus
2423 1825 2560 1875 princi-

1498 1880 1651 1928 piorum
1671 1879 1960 1928 speculabilium
1981 1886 2035 1916 est
2053 1878 2216 1915 nobilior
2234 1878 2388 1916 scientia
2407 1879 2559 1916 conclu-

1499 1933 1668 1978 sionum3
1690 1939 1725 1968 et
1745 1932 1923 1969 naturalis
1942 1931 2127 1969 rectitudo
2147 1931 2302 1968 rationis
2322 1938 2378 1968 est
2395 1931 2560 1968 nobilior

1497 1985 1765 2022 rectificatione
1781 1984 1968 2033 appetitus
1979 1996 2076 2033 quae
2091 1984 2134 2021 fit
2148 1996 2218 2034 per
2230 1983 2559 2033 participationem

1498 2037 1663 2084 rationis,
1680 2049 1778 2086 quae
1795 2037 1950 2086 quidem
1971 2036 2188 2074 rectificatio
2203 2037 2363 2087 pertinet
2377 2036 2426 2074 ad
2443 2036 2560 2074 virtu-

1497 2098 1575 2128 tem
1597 2091 1795 2127 moralem.
1813 2090 1875 2127 Sic
1893 2089 2003 2138 igitur
2020 2097 2125 2127 actus
2144 2089 2313 2137 humani,
2333 2089 2559 2138 inquantum

1497 2143 1711 2192 procedunt
1730 2154 1775 2179 ex
1794 2142 1989 2179 altioribus
2007 2142 2211 2192 principiis,
2226 2149 2387 2192 possunt
2405 2152 2560 2179 causare

1496 2196 1654 2233 virtutes
1683 2195 1884 2243 acquisitas
1911 2196 2111 2232 humanas.
2539 2204 2553 2206 '⁷

1497 2309 1657 2368 ἐξέεἳίίὸἰῖἑα
1675 2309 1726 2339 EF,
1747 2309 1801 2334 Sed
1826 2310 1872 2334 Iex
1891 2309 1982 2334 divina
2001 2309 2024 2339 1,
2045 2308 2119 2339 Quae
2137 2308 2173 2339 K,
2191 2316 2244 2333 om.
2260 2308 2290 2334 C.
2308 2309 2359 2333 Pro
2377 2308 2444 2339 ideo,
2457 2311 2484 2334 et
2501 2307 2560 2335 {deo

1577 2352 1592 2376 p
1644 2361 1651 2368 .

1551 2377 1576 2410 δ)
1595 2379 1746 2403 virtutibus.
1764 2391 1783 2397 —
1801 2379 1900 2403 uirtute
1918 2379 1965 2404 Pa.

1551 2412 1574 2447 ε)
1595 2413 1688 2438 Hoc..
1700 2431 1706 2437 .
1718 2414 1778 2446 fiet.
1795 2427 1814 2432 -
1833 2413 1959 2438 Haec...
1971 2413 2040 2446 fient
2059 2413 2110 2447 EF.

1058 2518 1390 2555 Commentaria
1413 2517 1663 2551 Cardinalis
1685 2518 1885 2550 Caietam

414 2610 434 2630 N
458 2599 590 2630 articulo
614 2599 753 2629 secundo
777 2598 919 2629 eiusdem
950 2597 1143 2638 quaestionis
1173 2597 1444 2637 sexagesimaeter-

387 2611 484 2680 ltine,
508 2643 632 2673 adverte
656 2642 754 2683 quod,
779 2642 851 2673 licet
873 2642 975 2682 prima
990 2641 1067 2672 facie
1090 2644 1212 2672 Auctor
1235 2641 1376 2672 videatur
1397 2641 1444 2671 di-

385 2688 542 2723 minutus,
572 2686 647 2727 quia
671 2687 709 2716 ad
738 2686 977 2716 conclusionem
1011 2685 1233 2721 universalem,
1265 2685 1382 2716 scilicet
1405 2685 1444 2715 de

385 2731 533 2761 omnibus
555 2730 731 2766 virtutibus,
757 2729 976 2770 particularem
998 2729 1164 2765 rationem,
1189 2729 1304 2760 scilicet
1328 2729 1442 2759 haben-

385 2781 449 2805 tem
471 2775 581 2805 locum
602 2774 636 2804 in
659 2773 801 2814 practicis
825 2780 959 2809 tantum,
974 2773 1109 2809 inducit;
1130 2773 1208 2804 dum
1225 2783 1261 2803 ex
1276 2773 1338 2804 hoc
1354 2774 1442 2814 quod

384 2819 514 2849 virtutes
537 2818 694 2848 humanae
718 2818 757 2847 ad
780 2818 903 2848 bonum
934 2816 1152 2848 modificatum
1183 2817 1289 2856 regula
1313 2817 1442 2848 rationis

384 2862 542 2893 humanae
566 2862 720 2897 ordinant,
745 2861 882 2892 ostendit
905 2871 956 2892 eas
979 2862 1017 2892 ab
1034 2861 1154 2892 actibus
1169 2860 1317 2892 humanis
1332 2861 1365 2891 in
1383 2871 1442 2901 po-

384 2913 493 2937 testate
516 2905 644 2936 rationis
668 2905 868 2936 existentibus
893 2905 1025 2936 causari:
1050 2905 1082 2935 in
1106 2905 1248 2945 practicis
1276 2905 1361 2935 enim
1383 2905 1443 2935 vir-

385 2950 504 2980 tutibus
521 2956 642 2980 constat
657 2950 781 2980 bonurn
797 2959 907 2980 earum
925 2949 1135 2989 regulandum
1150 2949 1290 2979 humana
1305 2949 1441 2986 ratione;

384 2993 417 3023 in
441 2993 639 3033 speculativis
662 2999 778 3029 autem,
796 2993 919 3023 bonum
939 2992 1109 3024 attenditur
1125 2993 1300 3023 secundum
1317 2993 1441 3023 confor-

385 3037 527 3067 mitatem
551 3037 589 3067 ad
612 3047 688 3073 rem,
706 3037 780 3077 quia
799 3037 922 3067 bonum
939 3047 1046 3067 earum
1064 3044 1110 3067 est
1125 3047 1245 3073 verum,
1263 3038 1351 3077 quod
1368 3047 1442 3068 con-

385 3087 445 3111 stat
468 3081 506 3111 ab
531 3090 568 3110 eo
593 3081 681 3120 quod
704 3091 752 3110 res
776 3087 821 3111 est
843 3081 893 3111 vel
921 3091 987 3111 non
1010 3087 1056 3111 est
1079 3081 1230 3121 pendere;
1257 3088 1287 3112 et
1309 3081 1352 3111 sic
1376 3091 1441 3112 me-

386 3124 476 3154 dium
499 3134 565 3154 non
580 3124 702 3154 videtur
718 3125 892 3165 adaequare
910 3124 1160 3155 conclusionem:
1174 3125 1283 3161 -Iicet‚
1300 3125 1441 3165 inquam,

386 3168 429 3198 sic
453 3174 615 3208 appareat,
641 3167 829 3207 profundius
853 3175 958 3199 tamen
982 3168 1007 3198 si
1031 3168 1182 3209 speculati
1205 3168 1371 3205 fuerimus,
1396 3169 1442 3199 in-

384 3211 547 3243 veniemus
571 3211 714 3242 medium
736 3211 911 3252 adaequare
934 3212 1183 3243 conclusionem.
1200 3213 1283 3243 Nam
1297 3212 1442 3244 scientiae

386 3262 483 3291 actus,
507 3255 540 3286 in
564 3265 629 3296 quo
653 3255 720 3285 eius
744 3256 866 3286 bonitas
890 3256 1040 3292 consistit,
1065 3256 1259 3289 examinatur
1282 3266 1300 3287 a
1322 3256 1442 3287 ratione

385 3299 525 3329 humana
547 3299 580 3329 in
603 3298 779 3339 principiis:
805 3306 834 3330 et
858 3306 944 3330 actus
967 3300 1142 3331 intellectus
1173 3300 1402 3341 principiorum
1424 3310 1443 3331 a

386 3343 540 3383 principio
565 3343 722 3373 humanae
745 3342 873 3373 rationis
896 3343 999 3379 etiarn,
1020 3344 1108 3385 quod
1126 3351 1257 3375 vocatur
1270 3345 1380 3376 lumen
1395 3344 1441 3374 in-

385 3386 526 3417 tellectus
550 3386 684 3426 agentis;
709 3386 741 3416 in
765 3397 830 3427 quo
854 3393 901 3417 est
924 3394 1030 3418 status.
1051 3387 1091 3418 Et
1114 3388 1194 3419 sicut
1217 3395 1304 3419 actus
1327 3397 1442 3428 cogno-

386 3430 492 3460 scendi
514 3440 625 3461 verum
648 3430 804 3470 dependet
824 3441 842 3460 a
864 3431 1000 3466 duobus,
1018 3431 1133 3462 scilicet
1149 3443 1166 3462 a
1188 3439 1395 3472 cognoscente
1411 3439 1442 3463 et

387 3474 530 3514 cognito;
554 3474 597 3506 ita
620 3484 686 3505 non
703 3474 886 3505 inconvenit
900 3474 1013 3505 habere
1030 3475 1108 3505 duas
1124 3485 1296 3512 mensuras,
1312 3476 1442 3506 alteram

386 3517 469 3554 hinc,
495 3518 623 3548 alteram
645 3518 727 3549 inde.
745 3535 763 3541 —
779 3519 910 3554 Rursus,
927 3518 1002 3559 quia
1017 3519 1095 3550 ratio
1111 3519 1184 3555 veri,
1202 3526 1238 3550 ut
1252 3527 1337 3560 patet
1351 3520 1383 3550 in
1399 3520 1440 3551 IV

1496 2597 1715 2638 Metaphys.*,
1727 2597 1869 2628 consistit
1884 2597 1917 2628 in
1930 2607 1986 2628 ens
2003 2607 2081 2636 esse,
2093 2603 2124 2629 et
2137 2608 2199 2629 non
2214 2607 2271 2629 ens
2285 2607 2347 2629 non
2361 2607 2430 2629 esse
2433 2606 2447 2636 ,·
2459 2604 2489 2630 et
2499 2598 2561 2630 hoc

1497 2641 1556 2671 nisi
1579 2641 1612 2671 in
1637 2641 1747 2678 dicere,
1772 2641 1922 2682 accipere,
1947 2651 2148 2682 cognoscere,
2167 2649 2234 2679 etc„
2251 2642 2426 2673 invenitur:
2451 2652 2560 2676 conse-

1497 2695 1597 2726 quens
1614 2692 1660 2716 est
1672 2692 1707 2716 ut
1721 2695 1832 2716 verum
1847 2685 1954 2726 ipsum
1967 2685 1999 2715 in
2015 2696 2214 2727 unoquoque
2230 2686 2363 2723 dicente,
2378 2685 2559 2727 accipiente,

1497 2736 1715 2770 cognoscente,
1733 2730 1910 2760 secundum
1929 2730 2049 2770 proprii
2071 2730 2202 2760 luminis
2225 2729 2407 2761 facultatem
2428 2730 2558 2767 dicatur,

1497 2773 1682 2813 accipiatur,
1712 2783 1767 2803 seu
1792 2780 2013 2813 cognoscatur;
2039 2781 2069 2804 et
2092 2774 2135 2805 sic
2159 2784 2195 2804 ex
2218 2781 2306 2814 parte
2330 2774 2477 2811 dicentis,
2502 2784 2559 2806 seu

1496 2817 1637 2853 scientis,
1662 2828 1679 2847 a
1703 2817 1830 2857 propria
1854 2817 1974 2848 ratione
1998 2824 2208 2848 mensuretur.
2233 2818 2274 2848 Et
2297 2818 2451 2858 quoniam
2473 2827 2559 2849 nunc

1496 2868 1542 2891 est
1558 2861 1702 2902 quaestio
1717 2862 1754 2891 de
1773 2871 1866 2892 causa
1881 2862 2035 2892 virtutum
2051 2871 2088 2892 ex
2102 2869 2189 2902 parte
2204 2862 2347 2892 habentis
2363 2862 2456 2902 ipsas,
2473 2871 2557 2903 quo-

1496 2905 1582 2935 niam
1606 2912 1651 2936 est
1674 2905 1817 2946 quaestio
1843 2915 1882 2935 an
1907 2915 1943 2936 ex
1962 2905 2098 2946 propriis
2116 2905 2259 2936 habentis
2275 2904 2395 2936 actibus
2409 2915 2559 2946 generen-

1495 2956 1560 2985 tur;
1577 2949 1648 2980 ideo
1659 2952 1789 2986 Auctor,
1807 2949 1980 2990 suppositis
1993 2949 2208 2990 dependentiis
2220 2955 2350 2980 actuum
2362 2950 2400 2980 ab
2418 2949 2557 2987 obiectis,

1496 3000 1526 3024 et
1549 2993 1911 3024 commensurationibus
1935 3003 2048 3024 eorum
2071 2994 2111 3024 ad
2134 2993 2203 3030 illa;
2227 3003 2263 3024 ex
2286 2993 2348 3024 hoc
2371 2993 2461 3034 quod
2483 3000 2559 3024 sunt

1496 3038 1535 3067 ad
1558 3038 1682 3067 bonum
1705 3037 1863 3073 habentis,
1888 3043 1919 3068 et
1941 3043 2171 3078 consequenter
2192 3037 2225 3067 in
2249 3036 2377 3078 aliquali
2406 3046 2556 3075 numero,

1489 3081 1635 3121 pondere
1660 3086 1690 3111 et
1710 3091 1862 3112 mensura
1882 3081 1982 3121 ipsius
1997 3081 2154 3118 habenu's;
2171 3081 2280 3122 posuit
2295 3081 2487 3122 principium
2507 3090 2557 3112 ea-

1495 3135 1566 3155 rum
1591 3135 1627 3155 ex
1651 3132 1737 3165 parte
1760 3125 1860 3156 nostri
1882 3125 1996 3156 habere
2019 3125 2177 3156 rationem
2199 3125 2324 3166 regulae
2347 3124 2556 3162 numerantis,

1495 3168 1698 3209 ponderantis
1721 3175 1752 3200 et
1775 3168 2075 3205 commensurantis;
2100 3175 2136 3200 ut
2157 3178 2195 3200 ex
2217 3168 2279 3200 hoc
2309 3167 2556 3201 discerneremus

1495 3223 1576 3254 quae
1599 3220 1735 3253 possunt
1758 3223 1795 3244 ex
1817 3212 1930 3244 nostris
1957 3213 2078 3244 actibus
2100 3213 2133 3243 in
2156 3212 2249 3243 nobis
2273 3212 2393 3244 causari
2414 3209 2555 3248 virtutes,

1496 3264 1525 3288 et
1548 3267 1629 3298 quae
1653 3267 1729 3288 non.
1754 3257 1892 3288 Virtutes
1915 3256 2011 3293 enim,
2029 3263 2064 3288 ut
2083 3256 2135 3293 sic,
2155 3256 2312 3288 rationem
2326 3256 2404 3288 boni
2418 3255 2555 3287 rationa-

1494 3301 1532 3331 lis
1555 3301 1684 3332 habent:
1705 3300 1897 3341 principium
1913 3307 2020 3331 autem
2038 3301 2200 3332 rationalis
2224 3301 2301 3332 boni
2327 3307 2364 3332 ut
2379 3299 2432 3337 sic,
2447 3298 2557 3340 oegulfl

1495 3351 1551 3376 est.
1572 3362 1592 3368 —
1617 3345 1651 3375 In
1675 3345 1818 3386 sequenti
1847 3351 1954 3376 tamen
1984 3344 2169 3386 quaestione
2192 3344 2328 3385 amplior
2353 3343 2410 3375 erit
2432 3343 2470 3374 de
2493 3342 2555 3374 hoc

1494 3398 1610 3419 sermo.

1553 3432 1590 3463 11.
1615 3432 1649 3462 In
1673 3432 1879 3472 responsione
1903 3432 1942 3462 ad
1973 3433 2150 3463 secundum
2173 3431 2315 3463 eiusdem
2338 3429 2469 3466 articuli,
2493 3439 2552 3470 pro

1494 3486 1580 3507 nunc
1598 3476 1823 3507 tantummodo
1847 3482 1923 3507 nota
1941 3476 2030 3516 quod
2046 3476 2212 3517 dupliciter
2226 3478 2347 3507 Auctor
2362 3474 2459 3505 salvat
2474 3483 2554 3514 quo-

1494 3521 1593 3551 modo
1617 3527 1699 3551 stant
1722 3520 1798 3551 haec
1821 3520 1887 3551 duo
1911 3519 2016 3557 simul,
2040 3521 2150 3552 Homo
2172 3530 2234 3552 non
2246 3523 2350 3560 potest
2365 3519 2468 3550 vitare
2477 3527 2554 3558 pec-

2587 312 2648 360 ἐἷ’
2656 318 2691 360 15'
2709 312 2796 368 ἴὲέᾎῗ

2585 355 2797 418 badium&

2683 456 2697 482 δ

2526 426 2529 428 ’
2585 423 2658 439 xxvn.

2586 726 2596 735 ⁴
2609 725 2641 748 D.
2655 726 2710 754 n78.

2586 884 2596 893 '¹
2613 882 2661 910 Qu.
2674 888 2738 910 ιω,
2752 886 2796 906 m.

2585 914 2669 958 {ham
2678 909 2728 932 Sed
2739 915 2798 932 con-

2587 1148 2707 1171 ·D.688.

2583 1520 2706 1549 ·D.⁶89.

2585 1568 2796 1596 'Quum-arta..

2583 1630 2797 1658 'Art-uquam,

2584 1659 2658 1679 art-1.

2587 2608 2599 2620 ⁸
2606 2607 2631 2630 S.
2636 2607 2682 2630 Th.
2692 2607 2744 2630 leet.
2750 2613 2798 2630 xvi.

2577 2633 2798 2663 solatiante-p.

2586 2665 2628 2688 vn,
2643 2666 2668 2682 ιι.
2681 2665 2699 2683 ι.
