2852 4152
369 171 445 215 304

999 170 1265 215 QUAESTio
1296 169 1467 213 xmnn,
1498 166 1787 203 AR'ricULus
1818 168 1848 213 1,
1879 168 1910 203 11

715 375 722 418 1
746 341 1157 418 QUAESTIO
1197 337 2176 414 QUADRAGESIMAOCTAVA

1014 459 1110 497 DE
1154 455 1659 496 EFFECTIBUS
1707 455 1896 495 IRAE

1155 562 1187 586 lN
1219 560 1391 592 QUATUOR
1418 560 1619 586 ARTICULOS
1647 561 1763 585 DIVISA

265 673 295 693 w,
318 673 345 688 n·
374 667 562 749 Diuum:
589 654 906 693 considerandum
935 659 989 688 est
1015 651 1062 688 de
1083 649 1280 687 effectibus
1303 649 1380 687 irae
1400 649 1430 686 ²³².

456 731 505 768 Et
533 731 631 767 circa
659 731 732 766 hoc
761 735 995 777 quaeruntur
1022 733 1196 774 quatuor.

426 806 574 842 Primo:
605 812 731 840 utrum
761 802 814 839 ira
843 808 971 838 causet
1001 800 1301 838 delectationem.

1542 645 1742 734 Secunglo:
1771 637 1899 683 utrum
1932 647 2097 684 maxime
2132 657 2259 687 causet
2287 650 2478 686 fervorem
2508 649 2546 687 in

1595 710 1660 734 cor
1689 710 1720 734 e.

1540 750 1691 787 Tertio:
1720 758 1850 787 utrum
1870 749 2033 788 maxime
2053 750 2234 801 impediat
2247 754 2400 794 rationis
2419 767 2544 793 usum.

1541 803 1707 850 Quarto:
1737 811 1865 840 utrum
1896 811 2024 840 causet
2051 804 2350 844 taciturnitatem.

1178 903 1494 946 ARTICULUS
1527 904 1731 945 PRIMUS

1037 988 1192 1018 UTRUM
1217 987 1286 1016 1fo
1314 985 1483 1016 CAUSET
1507 985 1881 1017 DELECTArtoNEM

490 1081 605 1117 v701)
634 1079 772 1104 PRIMUM
799 1079 851 1103 εις
877 1078 1116 1103 PROCEDITUR.
1146 1065 1305 1102 Videtur
1329 1063 1434 1111 quod

497 1114 562 1169 ⁸1⁷³..
584 1121 638 1157 ira
665 1133 743 1157 non
773 1127 900 1156 causet
933 1118 1236 1156 delectationem.
1271 1116 1434 1153 Tristitia

419 1173 429 1185 ’·
448 1190 501 1208 xm
586 1173 687 1210 enim
708 1172 996 1210 delectationem
1014 1171 1188 1208 excludit.
1211 1164 1287 1207 Sed
1307 1170 1360 1206 ira
1380 1177 1435 1206 est

407 1203 525 1262 ιξὲᾷὶ

135 1284 344 1331 ’ἓξξςζςγζςξ-ξιχ·
372 1280 440 1316 VII
469 1279 588 1316 Ethic.
614 1279 648 1326 ³¹⁶,
681 1279 801 1315 omnis
835 1278 901 1326 qui
919 1277 1021 1326 facit
1048 1277 1191 1325 aliquid
1210 1288 1283 1324 per
1315 1277 1433 1322 iram,

362 1333 465 1380 facit
481 1332 654 1368 tristatus.
685 1332 787 1378 Ergo
808 1331 861 1367 ira
881 1343 960 1367 non
981 1338 1111 1366 causat
1131 1329 1432 1366 delectationem.

427 1397 462 1421 2.
488 1386 720 1431 PRAETEREA,
742 1383 995 1432 Philosophus
1020 1383 1119 1429 dicit,
1139 1382 1178 1419 in
1198 1383 1249 1419 IV
1267 1383 1386 1419 Ethic.
1403 1384 1433 1428 ³⁸,

373 1438 476 1485 quod
498 1438 644 1485 punitio
674 1438 813 1485 quietat
838 1437 1014 1485 impetum
1043 1436 1135 1482 irae,
1156 1436 1433 1472 delectationem

366 1502 441 1539 pro
471 1491 615 1527 tristitia
637 1490 811 1538 faciens:
846 1502 891 1526 ex
919 1501 995 1538 quo
1023 1496 1149 1538 potest
1177 1488 1296 1537 accipi
1329 1488 1434 1536 quod

375 1543 571 1580 delectatio
601 1543 694 1579 irato
715 1542 891 1591 provenit
911 1554 955 1578 ex
974 1542 1182 1590 punitione,
1203 1541 1348 1590 punitio
1370 1554 1435 1578 au-

373 1604 450 1633 tem
471 1596 632 1633 excludit
655 1595 762 1632 iram.
792 1596 907 1643 Ergo,
929 1595 1154 1631 adveniente
1176 1594 1434 1639 delectatione,

373 1649 428 1686 ira
464 1649 613 1686 tollitur.
652 1649 744 1685 Non
783 1656 838 1685 est
875 1660 963 1696 ergo
1003 1647 1159 1684 effectus
1197 1646 1436 1684 delectationi

375 1702 609 1739 coniunctus.

134 1397 145 1407 ιι
236 1403 240 1408 -
335 1406 345 1411 ,

135 1397 214 1444 scil:
227 1402 282 1443 leel:
292 1401 345 1442 2⁰1¹...

429 1757 463 1792 3.
492 1756 729 1800 PRAETEREA,
760 1754 884 1790 nullus
914 1753 1070 1790 effectus
1098 1753 1255 1801 impedit
1283 1764 1435 1789 causam

375 1820 504 1844 suam:
536 1819 623 1843 cum
653 1807 698 1843 sit
717 1819 807 1843 suae
833 1818 970 1842 causae
991 1805 1208 1842 conformis.
1240 1805 1316 1842 Sed
1337 1806 1434 1842 dele-

136 1876 144 1883 ·
160 1874 208 1901 eap
277 1879 291 1894 n
317 1878 346 1894 η.
375 1860 555 1897 ctationes
570 1859 782 1907 impediunt
796 1859 902 1906 iram,
919 1866 960 1895 ut
977 1858 1110 1895 dicitur
1124 1858 1163 1895 in
1179 1859 1435 1895 lIRhetoric.*

374 1914 475 1961 Ergo
505 1912 702 1950 delectatio
731 1924 809 1948 non
839 1919 893 1948 est
922 1911 1079 1948 effectus
1106 1911 1195 1948 irae.

428 1967 501 2002 SED
536 1977 681 2002 CONTRA
714 1975 779 2001 EST
807 1965 914 2012 quod
941 1963 1208 2012 Philosophus,
1230 1963 1268 2000 in
1297 1964 1434 2000 eodem

136 2029 219 2065 gcap-
234 2034 256 2054 ιι,
274 2033 339 2075 'Ji-²51
374 2018 470 2055 libro
485 2018 516 2065 ²¹⁶,
533 2017 676 2055 inducit
689 2017 934 2065 proverbium
951 2017 1002 2063 *²¹⁶⁷
1020 2017 1125 2065 quod
1145 2016 1198 2053 ira
1222 2016 1337 2053 multo
1357 2016 1437 2053 dul-

135 2055 273 2107 libnffiffi,
287 2060 347 2102 ν’ἕτεῖ
375 2072 456 2108 cior
474 2071 582 2108 melle
601 2070 797 2108 distillante
818 2071 855 2107 in
875 2070 1089 2118 pectoribus
1103 2070 1274 2106 virorum
1294 2069 1435 2106 crescit.

136 2114 242 2135 ¹⁰⁹'¹¹⁰'
429 2126 652 2161 RESPONDEO
687 2135 870 2160 manDUM
903 2123 1030 2171 quod,
1060 2122 1155 2159 sicut
1182 2122 1436 2170 Philosophus

136 2188 211 2236 'Scab-
232 2192 348 2235 'vgtn-gl-v-
376 2177 462 2214 dicit
490 2177 527 2214 in
546 2178 614 2214 VII
634 2177 753 2213 Ethic.
769 2175 800 2223 ²³,
821 2176 1104 2222 delectationes,
1127 2174 1293 2212 maxime
1322 2175 1437 2212 sensi-

375 2230 468 2267 biles
489 2238 525 2266 et
548 2230 774 2278 corporales,
797 2236 883 2265 sunt
902 2228 1113 2265 medicinae
1134 2227 1325 2277 quaedam
1346 2240 1435 2265 con-

374 2291 430 2320 tra
458 2282 660 2319 tristitiam:
692 2289 728 2318 et
755 2281 842 2318 ideo
872 2288 1013 2330 quanto
1046 2293 1115 2329 per
1147 2280 1435 2317 delectationem

376 2343 506 2372 contra
540 2335 725 2371 maiorem
754 2333 938 2370 tristitiam
965 2334 1027 2370 vel
1056 2331 1281 2370 anxietatem
1315 2340 1447 2370 reme-¹

376 2388 481 2425 dium
497 2395 717 2436 praestatur,
734 2394 837 2423 tanto
859 2386 1056 2430 delectatio
1076 2386 1196 2434 magis
1216 2386 1436 2434 percipitur3

375 2441 469 2478 sicut
496 2448 599 2490 patet
619 2440 723 2488 quod
748 2439 902 2487 quando
924 2439 1056 2487 aliquis
1076 2438 1159 2485 sitit,
1182 2438 1439 2475 delectabilior

220 2514 289 2535 mx,
305 2514 347 2529 ar.
375 2494 418 2531 fit
438 2494 470 2530 ei
490 2501 614 2542 potus.
646 2492 892 2530 Manifestum
914 2500 968 2528 est
992 2499 1118 2528 autem
1140 2503 1185 2527 ex
1207 2491 1436 2539 praedictis*

375 2548 480 2595 quod
509 2554 636 2583 motus
665 2546 742 2582 irae
772 2545 927 2592 insurgit
955 2557 999 2581 ex
1029 2544 1154 2592 aliqua
1181 2543 1281 2580 illata
1304 2543 1437 2580 iniuria

1489 1064 1749 1110 contristante3
1780 1065 1839 1102 cui
1868 1065 2025 1113 quidem
2053 1066 2220 1103 tristitiae
2249 1068 2462 1106 remedium
2482 1071 2547 1108 ad-

1486 1116 1636 1153 hibetur
1650 1129 1718 1165 per
1732 1117 1950 1155 vindictam.
1969 1119 2017 1156 Et
2031 1118 2119 1156 ideo
2135 1120 2183 1156 ad
2198 1120 2451 1168 praesentiam
2466 1122 2548 1160 vin-

1489 1169 1609 1206 dictae
1639 1170 1834 1207 delectatio
1859 1171 2044 1218 sequitur:
2067 1180 2102 1209 et
2125 1179 2228 1209 tanto
2249 1173 2383 1220 maior,
2404 1182 2546 1222 quanto

1488 1222 1611 1259 maior
1626 1223 1692 1259 fuit
1708 1228 1725 1244 α
1744 1223 1934 1260 tristitia·
1947 1224 1987 1261 Si
2002 1225 2110 1273 igitur
2128 1225 2292 1262 vindicta
2311 1226 2421 1264 fuerit
2438 1240 2547 1276 prae-

1488 1287 1575 1312 sens
1603 1275 1761 1323 realiter,
1792 1277 1835 1313 fit
1853 1277 2019 1325 perfecta
2039 1277 2248 1326 delectatio,
2268 1291 2367 1328 quae
2387 1280 2549 1318 totaliter

1489 1328 1650 1365 excludit
1669 1328 1864 1376 tristitiam,
1881 1337 1917 1366 et
1931 1342 1999 1378 per
2013 1331 2088 1367 hoc
2102 1331 2244 1379 quietat
2259 1339 2408 1369 motum
2424 1332 2546 1370 irae.-

1489 1381 1567 1418 Sed
1595 1389 1797 1430 antequam
1826 1382 1993 1420 vindicta
2025 1384 2071 1420 sit
2101 1396 2282 1432 praesens
2310 1385 2476 1433 realiter,
2505 1387 2549 1423 fit

1488 1434 1660 1471 irascenti
1675 1447 1855 1483 praesens
1871 1435 2078 1484 dupliciter.
2090 1437 2177 1474 Uno
2193 1437 2326 1484 modo,
2335 1450 2406 1486 per
2420 1451 2546 1487 spem:

1488 1487 1578 1535 quia
1613 1488 1734 1524 nullus
1767 1488 1938 1524 irascitur
1970 1489 2040 1525 nisi
2069 1501 2225 1538 sperans
2252 1490 2478 1538 vindictam,
2508 1499 2550 1528 ut

1488 1552 1603 1588 supra
1621 1539 1641 1561 ⁷¹⁸
1660 1540 1803 1577 dictum
1824 1548 1888 1577 est.
1901 1562 1925 1568 -
1941 1542 2026 1578 Alio
2047 1542 2178 1588 modo,
2200 1542 2412 1580 secundum
2431 1543 2548 1580 conti-

1488 1605 1604 1629 nuam
1621 1593 1898 1640 cogitationem.
1919 1593 2132 1641 Unicuique
2149 1594 2250 1631 enirn
2266 1594 2550 1644 concupiscenti

1490 1653 1544 1681 est
1581 1645 1803 1682 delectabile
1840 1645 2037 1682 immorari
2073 1646 2111 1682 in
2150 1647 2375 1694 cogitatione
2413 1660 2548 1687 eorum

1489 1710 1587 1746 quae
1617 1697 1866 1746 concupiscit:
1895 1706 2051 1747 propter
2085 1699 2198 1747 quod.
2219 1699 2332 1737 etiam
2368 1700 2550 1750 imagina-

1489 1750 1609 1787 tiones
1634 1750 1872 1787 somniorum
1893 1759 1979 1787 sunt
1999 1752 2249 1789 delectabiles.
2271 1753 2320 1789 Et
2338 1752 2439 1801 ideo,
2461 1766 2549 1792 cum

1488 1803 1604 1840 iratus
1633 1804 1795 1839 multum
1822 1803 1860 1840 in
1889 1804 2018 1840 animo
2048 1817 2117 1841 suo
2148 1805 2284 1853 cogitet
2304 1805 2351 1842 de
2370 1806 2548 1855 vindicta,

1490 1868 1535 1892 ex
1563 1857 1637 1892 hoc
1661 1857 1876 1893 delectatur.
1898 1857 2050 1894 Tamen
2071 1857 2269 1895 delectatio
2289 1870 2368 1896 non
2387 1866 2443 1896 est
2465 1871 2550 1908 per-

1489 1909 1596 1955 fecta,
1614 1921 1712 1956 quae
1728 1909 1831 1946 tollat
1845 1909 2042 1957 tristitiam,
2056 1917 2092 1947 et
2104 1922 2174 1959 per
2189 1923 2428 1960 consequens
2442 1911 2549 1950 iram.

1543 1963 1601 1998 AD
1622 1973 1758 1998 PRIMUM
1777 1973 1875 1999 ERGO
1895 1974 2079 2000 DICENDUM
2103 1963 2208 2011 quod
2228 1976 2307 2000 non
2336 1964 2383 2001 de
2413 1964 2551 2003 eodem

1489 2014 1604 2051 iratus
1639 2015 1804 2051 tristatur
1836 2022 1872 2051 et
1899 2015 2057 2062 gaudet:
2087 2016 2156 2053 sed
2184 2015 2348 2054 tristatur
2376 2016 2423 2054 de
2451 2017 2552 2055 illata

1489 2067 1636 2114 iniuria,
1666 2067 1872 2104 delectatur
1900 2075 2028 2104 autem
2057 2068 2104 2106 de
2132 2068 2300 2106 vindicta
2327 2069 2487 2118 cogitata
2515 2078 2552 2107 et

1489 2127 1650 2169 sperata.
1671 2120 1783 2158 Unde
1798 2120 1941 2157 tristitia
1960 2133 2001 2157 se
2020 2122 2135 2158 habet
2153 2123 2202 2159 ad
2221 2122 2318 2159 iram
2338 2122 2434 2160 sicut
2451 2122 2552 2172 prin-

1490 2173 1648 2222 cipium:
1671 2172 1739 2210 sed
1764 2173 1961 2210 delectatio
1982 2173 2078 2210 sicut
2097 2174 2255 2211 effectus
2273 2175 2335 2212 vel
2356 2175 2550 2214 terminus.

1542 2227 1601 2263 An
1629 2237 1819 2263 SECUNDUM
1847 2238 2031 2263 DICENDUM
2059 2227 2165 2274 quod
2194 2227 2356 2265 obiectio
2385 2228 2447 2265 illa
2465 2241 2552 2277 pro-

1490 2278 1589 2316 cedit
1607 2278 1654 2315 de
1675 2278 1923 2315 delectatione
1952 2291 2050 2327 quae
2072 2287 2248 2316 causatur
2272 2292 2317 2316 ex
2336 2281 2425 2317 reali
2443 2293 2552 2329 prae-

1490 2331 1609 2368 sentia
1635 2331 1836 2377 vindictae,
1866 2343 1964 2379 quae
1993 2331 2153 2368 totaliter
2180 2332 2274 2369 tollit
2300 2332 2407 2370 iram.

1542 2386 1601 2421 An
1628 2395 1788 2421 TERTIUM
1813 2395 1996 2420 DICENDUM
2025 2384 2130 2433 quod
2157 2384 2425 2422 delectationes
2443 2397 2552 2434 prae-

1491 2438 1667 2474 cedentes
1700 2436 1912 2485 impediunt
1939 2449 1988 2473 ne
2016 2445 2196 2486 sequatur
2228 2437 2390 2484 tristitia3
2421 2446 2456 2475 et
2483 2450 2552 2487 per

1491 2501 1730 2538 consequens
1767 2489 1978 2537 impediunt
2014 2489 2120 2526 iram.
2153 2490 2229 2527 Sed
2267 2490 2464 2527 delectatio
2504 2491 2551 2528 de

1490 2542 1657 2579 vindicta
1687 2541 1930 2589 consequitur
1957 2541 2079 2590 ipsam
2099 2540 2125 2579 β.

429 2659 535 2692 a)su1't.
552 2672 571 2678 -
583 2657 670 2691 suerit
690 2657 740 2681 EF.

1485 2648 1488 2686 Ι
1546 2653 1571 2686 β)
1591 2654 1684 2686 ipsam.
1704 2667 1722 2672 -
1741 2655 1825 2685 ipsam
1845 2654 1914 2678 iram
1933 2654 2053 2684 BCDEL,
2074 2654 2142 2679 iram
2162 2654 2193 2678 K.

1135 2798 1450 2840 ARTICULUS
1480 2798 1778 2840 SECUNDUS

898 2881 1054 2912 UTRUM
1080 2881 1151 2911 tRA
1174 2881 1344 2911 MAXIME
1369 2881 1540 2912 CAUSET
1563 2881 1800 2912 FERVOREM
1825 2881 1867 2911 IN
1891 2881 2037 2912 CORDE

464 2979 471 2993 ι
496 2984 546 3013 ,ς’
587 2976 609 3000 D
625 2974 814 2999 SECUNDUM
830 2973 883 2998 sm
898 2971 1136 2997 PROCEDlTUR.
1157 2960 1316 2997 Videtur
1331 2960 1435 3008 quod

403 3011 453 3034 ”“”
588 3016 715 3052 fervor
752 3027 831 3051 non
865 3013 909 3050 sit
946 3013 1112 3050 maxime
1152 3012 1309 3050 effectus
1346 3013 1434 3050 irae.

253 3184 292 3226 Ἧι,
307 3184 350 3225 ξΐ·
377 3173 520 3223 supra*
534 3174 676 3211 dictum
693 3181 759 3219 est,
771 3172 997 3221 principium
1014 3179 1069 3208 est
1083 3179 1120 3208 et
1134 3184 1247 3208 causa
1263 3171 1436 3209 omnium

272 3220 349 3278 {¹32¹ss
376 3227 609 3276 passionum.
641 3227 740 3263 Cum
761 3237 848 3272 ergo
871 3237 983 3261 causa
1003 3224 1049 3261 sit
1068 3224 1193 3273 potior
1212 3225 1361 3271 effectu,
1382 3224 1437 3262 vi-

378 3281 487 3318 detur
513 3279 619 3328 quod
647 3279 701 3316 ira
730 3291 809 3316 non
837 3277 946 3314 faciat
975 3277 1139 3314 maxime
1168 3278 1373 3315 fervorem.

431 3345 466 3370 2.
494 3332 735 3380 PRAETEREA,
764 3331 824 3368 illa
853 3342 950 3379 quae
980 3330 1027 3366 de
1057 3343 1096 3366 se
1126 3330 1287 3367 excitant
1314 3331 1437 3367 fervo-

377 3399 470 3434 rem,
495 3398 564 3435 per
591 3384 773 3434 temporis
802 3382 1059 3420 assiduitatem
1088 3383 1208 3430 magis
1233 3391 1435 3431 augentur:

1490 2961 1583 2997 sicut
1611 2973 1719 2997 amor
1747 2960 1986 2998 diuturnitate
2016 2960 2256 2998 convalescit.
2292 2961 2370 2998 Sed
2403 2961 2459 2998 ira
2485 2972 2553 3010 per

1489 3021 1651 3050 tractum
1680 3013 1862 3062 temporis
1889 3013 2122 3050 debilitatur:
2153 3013 2240 3050 dicit
2260 3014 2361 3051 enim
2381 3013 2552 3051 Philoso-

1489 3067 1600 3115 phus,
1621 3066 1659 3103 in
1679 3067 1710 3103 11
1729 3067 1917 3103 Rhetoric.
1934 3066 1965 3113 ³¹⁶,
1987 3066 2092 3114 quod
2110 3072 2254 3115 tempus
2273 3067 2412 3115 quietat
2439 3067 2550 3104 iram.

1491 3120 1591 3167 Ergo
1621 3119 1675 3156 ira
1702 3131 1781 3156 non
1809 3118 1961 3168 proprie
1991 3126 2120 3156 causat
2146 3120 2351 3157 fervorem.

1546 3173 1580 3209 3.
1601 3173 1833 3219 PRAETEREA,
1850 3172 1978 3209 fervor
1992 3171 2142 3209 additus
2161 3172 2313 3220 fervori,
2334 3178 2551 3220 augmentat

1490 3225 1694 3262 fervorem.
1712 3225 1789 3262 Sed
1804 3225 1928 3262 maior
1943 3230 1960 3246 α
1979 3225 2037 3262 ira
2055 3226 2319 3273 superveniens
2331 3225 2435 3274 facit
2451 3225 2548 3262 iram

1491 3279 1692 3324 mitescere,
1716 3285 1757 3315 ut
1791 3278 2045 3326 Philosophus
2074 3278 2173 3326 dicit,
2202 3278 2241 3316 in
2261 3279 2293 3315 11
2313 3277 2501 3315 Rhetoric.
2530 3275 2551 3298 ’¹‘

1491 3332 1592 3379 Ergo
1622 3331 1676 3367 ira
1704 3343 1782 3367 non
1810 3338 1938 3367 causat
1966 3331 2170 3368 fervorem.
2552 3361 2561 3365 -

1545 3384 1618 3420 SED
1638 3395 1783 3420 CONTRA
1802 3395 1868 3420 EST
1884 3384 1989 3432 quod
2006 3385 2269 3421 Damascenus
2290 3383 2375 3421 dicit
2390 3382 2423 3430 ⁴¹,
2444 3381 2549 3430 quod

431 3491 457 3523 οι)
478 3491 572 3516 maior.
589 3504 608 3510 -
627 3490 713 3522 magis
733 3490 762 3514 Ι..

2575 1555 2585 1564 ”
2596 1554 2712 1582 Qui-xxxx,
2719 1557 2762 1576 nrt.
2770 1559 2789 1575 ι.

2578 3080 2588 3091 ·
2601 3078 2659 3107 esp.
2672 3085 2706 3107 in,
2721 3085 2744 3102 n.
2760 3085 2791 3103 12.

2677 3238 2694 3255 α

2578 3291 2586 3300 ”
2601 3289 2670 3317 thid„
2684 3296 2706 3312 n.
2722 3296 2751 3319 ¹3-

2577 3378 2588 3388 *
2597 3377 2634 3399 De
2642 3377 2702 3400 Fide
2713 3377 2791 3406 Oret„

2576 3403 2616 3426 lib.
2631 3404 2660 3432 Π,
2675 3410 2727 3433 enp-
2741 3409 2789 3427 xvx-
