2852 4152
202 979 247 1021 ³173
252 973 313 1021 ¹iecfit

103 974 192 1021 ἕεις

101 1032 134 1047 VI-

107 1676 115 1685 ·
130 1676 195 1698 Vers.
212 1682 241 1704 ¹3·

176 1996 312 2017 -,..tvn11·

104 2016 182 2038 S.T.
198 2006 249 2038 lect.
263 2023 295 2039 v.1

338 199 385 235 38
1052 201 1316 247 QUAESTIO
1347 201 1414 247 IV,
1444 201 1738 237 ARTICULUS
1768 201 1799 236 11

341 278 403 308 hoc
427 279 515 318 quod
538 278 696 319 appetitus
720 289 752 309 se
767 279 862 310 habet
884 280 923 309 ad
939 279 1062 309 bonurn
1086 271 1246 319 adeptum,
1265 286 1299 309 ut
1315 278 1401 318 quie-

341 332 429 353 scens
453 324 491 352 ad
515 323 547 352 id
571 323 602 352 in
627 333 692 363 quo
717 330 763 353 est
786 323 885 363 quies.
911 323 957 352 Ex
981 323 1042 353 hoc
1066 333 1204 362 namque
1228 322 1317 362 quod
1347 332 1400 361 ap-

1456 279 1672 318 cumloquitur
1701 279 1733 319 ly
1758 287 1824 309 esse
1847 279 1879 308 in
1903 280 1961 309 tali
1983 285 2086 317 statu,
2112 280 2242 310 nomine
2271 280 2512 320 requiescentis,

1455 332 1489 352 ea
1513 323 1633 353 ratione
1657 322 1731 362 quia
1747 322 1836 362 quies
1856 322 2008 362 significat
2032 334 2098 354 esse
2114 324 2147 354 in
2170 324 2316 354 termino.
2341 324 2381 354 Et
2402 333 2437 353 ex
2453 323 2514 352 hoc

342 366 458 406 petitus
482 366 623 406 pervenit
653 367 692 396 ad
715 367 810 396 talem
839 374 955 398 statum
989 367 1077 406 quod
1100 367 1221 396 bonum
1251 366 1402 406 adeptum
1454 367 1543 406 quod
1567 366 1724 406 appetitus
1745 372 1791 396 est
1814 372 1848 396 ut
1864 366 1896 396 in
1920 367 2055 397 termino
2080 368 2128 398 sui
2148 375 2266 406 motus,
2284 367 2399 408 adepto
2417 367 2514 401 bono,

340 410 393 446 sit,
419 411 559 451 sequitur
582 411 684 451 quies,
709 421 790 451 quae
815 418 860 441 est
883 410 1056 440 delectatio.
1077 410 1193 440 Littera
1216 417 1323 440 autem
1347 410 1402 440 cir-

1456 417 1578 441 constat
1601 410 1690 450 sequi
1714 409 1963 441 delectationem.

1099 562 1414 605 ARTICULUS
1445 562 1742 604 SECUNDUS

661 654 816 684 UTRUM
840 654 883 683 IN
906 653 1199 684 BEATITumNE
1223 653 1289 684 SIT
1312 653 1604 684 PRINCIPALIUS
1627 653 1739 691 vls1o
1763 654 1888 691 QUAM
1911 655 2190 686 DELECTATIO

810 733 829 756 11
849 733 922 762 Sent,
943 733 1001 757 dist.
1019 739 1120 762 xxxvm,
1140 736 1185 756 art.
1207 739 1230 762 2,
1250 733 1281 757 ad
1300 731 1316 757 6
1323 741 1330 764 3
1350 733 1380 757 111
1403 733 1478 757 Cont.
1501 734 1587 762 Gent„
1608 740 1662 765 cap.
1680 740 1752 764 xxvx3
1771 733 1795 757 X
1814 734 1987 763 Ethic.,1ect.
2005 742 2041 760 vr.

393 863 400 870 .
458 855 473 869 ,Ι
506 845 509 847 -
552 832 574 856 D
590 832 779 858 SECUNDUM
795 832 847 856 sm
862 831 1101 857 PROCEDITUR.
1117 820 1275 857 Videtur
1294 821 1397 869 quod

382 871 415 881 ””
412 865 529 982 4:5²
553 872 749 909 delectatio
771 872 816 908 sit
833 872 1074 921 principalius
1102 872 1140 909 in
1168 873 1398 910 beatitudine

522 938 668 974 quam
695 924 805 961 visio.
834 925 1040 962 Delectatio
1070 925 1183 972 enim,
1204 933 1246 962 ut
1265 926 1399 963 dicitur

528 979 587 1015 in
607 979 642 1014 X
660 978 781 1014 Ethic.
801 977 833 1024 ²¹⁶,
854 983 908 1014 est
918 979 1101 1026 perfectio
1121 979 1346 1026 operationis
1366 984 1394 1014 α.

341 1033 416 1069 Sed
437 1031 616 1080 perfectio
637 1038 692 1067 est
710 1029 836 1078 potior
853 1030 1084 1078 perfectibili.
1110 1031 1211 1078 Ergo
1238 1033 1398 1069 delecta-

338 1086 390 1122 tio
407 1092 461 1121 est
479 1084 605 1132 potior
620 1083 839 1132 operatione
860 1083 1078 1129 intellectus,
1095 1096 1194 1130 quae
1215 1092 1270 1120 est
1288 1084 1397 1120 visio.

394 1149 428 1174 2.
460 1138 704 1183 PRAETEREA,
733 1136 822 1172 illud
858 1143 1014 1184 propter
1042 1137 1146 1183 quod
1174 1136 1315 1184 aliquid
1344 1143 1399 1172 est

340 1190 553 1239 appetibile,
576 1197 631 1226 est
649 1189 786 1237 potius.
810 1189 886 1225 Sed
906 1188 1146 1236 operationes
1170 1196 1399 1236 appetuntur

339 1251 495 1292 propter
528 1241 814 1279 delectationem
852 1242 1040 1289 ipsarum:
1069 1241 1171 1277 unde
1201 1248 1238 1277 et
1265 1248 1397 1278 natura

341 1295 624 1344 operationibus
645 1293 659 1323 β
678 1294 898 1330 necessariis
923 1294 971 1330 ad
992 1293 1323 1331 conservationem
1343 1294 1397 1331 in-

341 1347 486 1385 dividui
509 1355 544 1384 et
572 1346 721 1395 speciei,
745 1345 1035 1383 delectationem
1058 1346 1245 1395 apposuit,
1266 1355 1307 1384 ut
1330 1348 1398 1384 hu-

341 1400 507 1437 iusmodi
527 1399 764 1447 operationes
784 1399 832 1435 ab
862 1398 1089 1435 animalibus
1112 1412 1190 1436 non
1210 1400 1399 1448 negligan-

339 1461 409 1490 tur.
427 1454 527 1500 Ergo
550 1451 748 1489 delectatio
770 1459 825 1488 est
839 1451 966 1500 potior
980 1452 1019 1488 in
1034 1452 1265 1490 beatitudine
1281 1465 1396 1501 quam

341 1505 510 1555 operatio
539 1505 759 1551 intellectus,
789 1517 888 1552 quae
917 1512 973 1542 est
999 1505 1109 1542 visio.

396 1560 429 1596 3.
451 1560 683 1603 PRAETEREA‚
703 1557 800 1594 visio
830 1557 1035 1605 respondet
1062 1557 1171 1605 fidei,
1202 1559 1397 1596 delectatio

340 1616 481 1658 autem,
507 1611 587 1648 sive
616 1610 753 1656 fruitio,
775 1609 926 1647 caritati.
951 1610 1029 1647 Sed
1053 1611 1186 1648 caritas
1206 1619 1261 1648 est
1279 1612 1400 1649 maior

340 1665 429 1711 fide,
454 1671 496 1701 ut
524 1663 612 1701 dicit
634 1664 841 1711 Apostolus
871 1664 884 1699 I
905 1664 956 1700 ad
978 1664 1064 1700 Cor.
1081 1675 1142 1701 xm
1161 1663 1191 1701 ³⁸.
1213 1665 1315 1713 Ergo
1335 1666 1399 1702 de-

340 1717 500 1763 lectatio,
531 1716 612 1754 sive
640 1716 782 1763 fruitio,
813 1723 868 1752 est
894 1715 1021 1764 potior
1047 1716 1207 1754 visione.

395 1771 469 1807 SED
497 1781 654 1816 CONTRA,
681 1781 795 1806 causa
817 1775 871 1806 est
888 1769 1014 1816 potior
1034 1769 1181 1806 effectu.
1203 1771 1280 1807 Sed
1302 1771 1398 1807 visio

342 1830 397 1859 est
417 1835 529 1859 causa
549 1822 817 1859 delectationis.
834 1823 936 1870 Ergo
951 1822 1048 1859 visio
1071 1830 1124 1859 est
1142 1823 1268 1871 potior
1283 1836 1400 1871 quam

341 1875 551 1913 delectatio.

395 1930 619 1966 RESPONDEO
647 1939 830 1964 DICENDUM
859 1927 962 1974 quod
997 1927 1106 1964 istam
1135 1929 1399 1976 quaestionem

341 1989 474 2018 movet
500 1981 757 2027 Philosophus
785 1980 823 2016 in
847 1981 881 2016 X
900 1979 1019 2016 Ethic.
1040 1979 1071 2025 *,
1093 1988 1128 2016 et
1149 1992 1234 2017 earn
1260 1981 1401 2018 insolu-

339 2041 418 2071 tam
446 2033 606 2071 dimittit.
637 2033 714 2069 Sed
734 2033 764 2069 si
784 2032 867 2080 quis
886 2032 1081 2079 diligenter
1109 2033 1334 2081 consideret,
1356 2047 1401 2071 ex

339 2087 561 2124 necessitate
581 2093 730 2134 oportet
749 2085 854 2134 quod
873 2085 1043 2133 operatio
1064 2085 1281 2134 intellectus,
1303 2100 1401 2136 quae

341 2148 397 2177 est
423 2140 534 2187 visio,
555 2139 601 2176 sit
619 2138 745 2187 potior
773 2138 1033 2176 delectatione.
1058 2139 1269 2176 Delectatio
1299 2140 1400 2177 enirn

341 2193 508 2229 consistit
535 2192 574 2228 in
602 2192 768 2240 quadarn
793 2191 1021 2239 quietatione
1046 2192 1262 2230 voluntatis.
1284 2194 1400 2240 Quod

341 2253 469 2282 autem
497 2245 675 2283 voluntas
703 2244 741 2281 in
769 2244 895 2292 aliquo
925 2244 1122 2292 quietetur,
1151 2257 1230 2282 non
1255 2253 1310 2282 est
1329 2246 1399 2282 nisi

340 2306 495 2347 propter
522 2298 731 2335 bonitatem
761 2297 840 2334 eius
868 2297 906 2333 in
925 2309 1002 2345 quo
1031 2297 1229 2345 quietatur.
1251 2299 1291 2335 Si
1310 2311 1400 2346 ergo

339 2352 515 2388 voluntas
544 2351 731 2400 quietatur
749 2350 788 2387 in
807 2350 933 2398 aliqua
962 2350 1194 2398 operatione,
1225 2363 1270 2388 ex
1293 2352 1401 2388 boni-

340 2412 415 2441 tate
439 2403 669 2452 operationis
688 2403 859 2452 procedit
877 2403 1058 2450 quietatio
1078 2404 1293 2441 voluntatis.
1316 2405 1400 2441 Nec

340 2458 516 2494 voluntas
553 2457 700 2505 quaerit
735 2457 881 2493 bonum
915 2464 1070 2505 propter
1105 2457 1398 2506 quietationem:

1451 821 1503 858 sic
1533 821 1634 857 enim
1663 821 1743 869 ipse
1776 827 1880 856 actus
1912 821 2117 863 voluntatis
2146 831 2244 860 esset
2271 825 2374 872 finis,
2408 826 2511 874 quod

1452 882 1506 911 est
1541 881 1671 910 contra
1702 872 1913 922 praemissa
1937 872 1967 909 ⁹¹⁸.
1999 873 2078 910 Sed
2109 874 2194 912 ideo
2229 877 2375 925 quaerit
2408 879 2549 926 quod*

1451 928 1638 975 quietetur
1658 926 1695 963 in
1716 925 1948 974 operatione,
1979 925 2068 973 quia
2096 929 2264 975 operatio
2287 937 2342 967 est
2365 930 2510 967 bonurn
2539 939 2564 958 4·

1452 980 1543 1016 eius.
1572 979 1684 1016 Unde
1713 978 1956 1015 manifestum
1982 985 2037 1015 est
2056 979 2162 1026 quod
2170 981 2422 1038 principalius
2445 984 2512 1020 bo-

1451 1044 1544 1068 nurn
1573 1038 1628 1067 est
1654 1031 1736 1078 ipsa
1765 1031 1934 1079 operatio
1962 1031 2001 1067 in
2020 1043 2097 1078 qua
2116 1031 2303 1079 quietatur
2320 1037 2509 1083 voluntas,

1451 1096 1568 1133 quarn
1598 1083 1776 1131 quietatio
1805 1084 2009 1120 voluntatis
2038 1086 2075 1120 in
2103 1084 2198 1133 ipso.

1504 1138 1562 1172 An
1591 1148 1727 1173 pRiMUM
1765 1147 1862 1173 ERGO
1890 1148 2073 1174 memnon
2109 1137 2233 1185 quod,
2264 1139 2358 1176 sicut
2386 1140 2513 1177 Philo-

1452 1190 1595 1237 sophus
1629 1188 1771 1226 ibidem
1799 1189 1819 1210 *
1848 1189 1954 1236 dicit,
1984 1190 2174 1227 delectatio
2198 1192 2346 1240 perficit
2381 1204 2512 1240 opera-

1452 1243 1588 1279 tionem
1616 1242 1712 1278 sicut
1728 1242 1841 1278 decor
1859 1242 2096 1290 iuventutem,
2118 1244 2182 1292 qui
2203 1251 2258 1280 est
2277 1246 2326 1281 acl
2345 1250 2360 1273 Υ
2379 1245 2513 1282 iuven-

1451 1302 1570 1332 tutem
1599 1307 1848 1344 consequens.
1874 1295 1986 1332 Unde
2015 1297 2212 1333 delectatio
2242 1305 2298 1334 est
2321 1298 2512 1346 quaedam

1451 1348 1630 1396 perfectio
1661 1348 1921 1385 concomitans
1940 1348 2150 1395 visionem;
2181 1362 2260 1386 non
2279 1350 2375 1387 sicut
2392 1352 2513 1399 perfe-

1453 1401 1526 1438 ctio
1542 1401 1682 1438 faciens
1697 1401 1886 1438 visionem
1898 1413 1981 1437 esse
1996 1401 2035 1438 in
2049 1414 2117 1438 sua
2132 1402 2258 1450 specie
2268 1404 2476 1451 perfectam
2486 1402 2511 1441 ὅ.

1505 1455 1564 1490 AD
1592 1465 1781 1491 SECUNDUM
1810 1465 1994 1490 D1CENDUM
2023 1456 2126 1502 quod
2155 1456 2408 1503 apprehensio
2428 1469 2513 1494 sen-

1453 1506 1563 1543 sitiva
1590 1519 1669 1543 non
1696 1506 1841 1554 attingit
1859 1506 1908 1543 ad
1929 1519 2174 1544 communem
2200 1507 2388 1546 rationem
2407 1508 2510 1556 boni,

1453 1559 1521 1596 sed
1549 1559 1598 1596 ad
1626 1559 1781 1608 aliquod
1809 1560 1956 1596 bonurn
1984 1560 2207 1608 particulare
2237 1561 2342 1609 quod
2370 1568 2426 1598 est
2451 1561 2515 1599 de-

1452 1612 1635 1664 lectabile.
1652 1614 1701 1649 Et
1714 1612 1801 1649 ideo
1822 1613 2034 1649 seeundum
2048 1613 2258 1661 appetitum
2277 1613 2513 1661 sensitivum,

1453 1665 1518 1714 qui
1539 1673 1594 1702 est
1612 1666 1650 1702 in
1669 1665 1908 1712 animalibus,
1925 1665 2164 1714 operationes
2179 1673 2413 1715 quaeruntur
2426 1679 2515 1716 pro-

1453 1726 1536 1767 pter
1569 1718 1869 1755 delectationem.
1910 1718 1987 1755 Sed
2021 1718 2229 1756 intellectus
2265 1719 2516 1768 apprehendit

1454 1771 1708 1808 universalem
1738 1770 1923 1808 rationem
1944 1771 2047 1818 boni,
2077 1772 2126 1808 ad
2153 1772 2260 1809 cuius
2279 1773 2516 1810 consecutio-

1455 1836 1544 1861 nem
1559 1824 1727 1873 sequitur
1743 1823 1951 1861 delectatio,
1968 1825 2079 1862 Unde
2093 1824 2337 1874 principalius
2355 1825 2516 1863 intendit

1456 1878 1603 1914 bonum
1640 1889 1757 1925 quarn
1793 1877 2094 1914 delectationem.
2128 1878 2178 1914 Et
2209 1877 2299 1915 inde
2326 1886 2384 1915 est
2410 1879 2516 1927 quod

1456 1930 1606 1967 divinus
1633 1930 1852 1975 intellectus,
1883 1930 1947 1977 qui
1967 1938 2022 1966 est
2039 1929 2228 1967 institutor
2254 1938 2422 1979 naturae,
2452 1931 2516 1968 de—

1454 1982 1674 2019 lectationes
1701 1982 1878 2031 apposuit
1904 1990 2059 2031 propter
2077 1983 2329 2031 operationes.
2350 1985 2442 2021 Non
2462 1992 2517 2022 est

1455 2043 1582 2071 autem
1603 2035 1745 2083 aliquid
1765 2035 2044 2072 aestimandum
2063 2035 2281 2084 simpliciter
2303 2037 2516 2074 secundum

1456 2088 1631 2125 ordinem
1660 2087 1829 2125 sensitivi
1852 2088 2051 2137 appetitus,
2077 2089 2145 2126 sed
2165 2089 2285 2136 magis
2303 2089 2516 2127 secundum

1455 2140 1631 2178 ordinem
1660 2140 1847 2189 appetitus
1875 2141 2102 2178 intellectivi.

1509 2195 1567 2230 An
1595 2205 1755 2230 TER-mm
1782 2205 1966 2231 mcennum
1994 2194 2098 2243 quod
2124 2194 2254 2231 caritas
2273 2206 2351 2231 non
2372 2194 2518 2242 quaerit

1455 2246 1603 2282 bonum
1633 2246 1812 2284 dilectum
1840 2254 1995 2295 propter
2024 2247 2330 2284 delectationem:
2355 2247 2424 2285 sed
2441 2247 2516 2284 hoc

1456 2306 1511 2335 est
1530 2303 1543 2320 ε
1563 2298 1596 2335 ei
1616 2311 1867 2359 consequens,
1887 2307 1929 2336 ut
1948 2299 2185 2336 delectetur
2177 2311 2215 2336 1n
2243 2301 2348 2337 bono
2375 2300 2515 2348 adepto

1456 2351 1561 2400 quod
1589 2360 1701 2389 amat.
1731 2353 1780 2388 Et
1798 2352 1850 2389 sic
1871 2352 2068 2390 delectatio
2097 2365 2176 2389 non
2199 2353 2404 2408 respondet
2423 2353 2456 2390 ei
2475 2361 2517 2390 ut

1454 2404 1562 2451 finis,
1591 2405 1660 2441 sed
1687 2405 1807 2453 magis
1834 2405 1943 2452 visio,
1964 2417 2033 2454 per
2061 2417 2178 2454 quam
2206 2405 2331 2454 primo
2359 2405 2446 2443 finis
2473 2406 2517 2443 fit

1454 2458 1487 2493 ei
1515 2470 1707 2506 praesens.

394 2571 420 2602 α)
440 2570 612 2602 operationis.
629 2584 648 2588 —
666 2570 753 2602 operis
772 2570 818 2595 Pa.

394 2604 419 2638 β)
439 2606 643 2637 operationibus.
664 2619 680 2623 -
699 2606 726 2630 in
746 2605 946 2637 operationibus
965 2606 1021 2631 PsC
1041 2611 1065 2631 et
1083 2614 1108 2631 a.

392 2641 420 2675 γ)
440 2642 484 2666 ad.
503 2655 522 2660 —
540 2641 602 2666 Om.
621 2640 730 2665 codices.

1507 2571 1532 2604 ὃ)
1551 2579 1607 2597 esse
1626 2573 1651 2596 in
1666 2579 1715 2596 sua
1733 2572 1818 2603 specie
1832 2573 1993 2605 perfectam·
2007 2586 2024 2591 -
2036 2579 2086 2597 sua
2100 2572 2138 2604 (in
2157 2579 2207 2597 sua
2226 2572 2266 2597 ed.
2280 2572 2308 2604 a)
2327 2572 2412 2604 specte
2427 2574 2516 2607 peffe-

1455 2610 1524 2632 ctam
1545 2615 1599 2632 esse
1618 2608 1664 2632 Pa.
1684 2607 1734 2631 Pro
1753 2607 1778 2631 in
1797 2614 1854 2636 sua,
1873 2614 1923 2632 sua
1941 2607 1971 2633 F.

1508 2643 1530 2675 ε)
1549 2646 1597 2667 est.
1615 2642 1683 2675 -flt
1702 2642 1812 2667 codices.

1015 2718 1345 2753 commentaria
1369 2720 1618 2754 Cardinalis
1640 2720 1838 2754 Caietani

371 2807 392 2827 N
416 2797 555 2828 secundo
588 2797 736 2833 articulo,
762 2797 841 2828 circa
871 2798 1112 2837 responsionem
1141 2799 1180 2828 ad
1203 2799 1400 2835 secundum,

372 2842 468 2872 dubia
484 2848 654 2872 occurrunt
677 2848 708 2872 et
723 2842 761 2872 de
777 2842 899 2872 ratione
913 2842 1032 2873 reddita
1049 2842 1237 2873 differentiae
1255 2843 1336 2874 inter
1352 2853 1402 2874 or-

340 2885 448 2915 dinem
469 2885 626 2926 appetitus
650 2886 789 2916 sensitivi
812 2892 842 2916 et
863 2886 1054 2923 intellectivi,
1079 2894 1110 2917 et
1133 2887 1172 2916 de
1195 2887 1402 2918 consonantia

342 2929 509 2960 dictorum.
534 2929 684 2969 Superius
709 2930 803 2966 enim,
821 2930 852 2959 in
870 2941 923 2970 qu.
942 2941 973 2966 11,
991 2937 1046 2961 art.
1065 2932 1094 2966 6,
1111 2931 1151 2960 ad
1171 2942 1195 2967 1,
1221 2931 1298 2961 dixit
1313 2932 1401 2971 quod

324 2971 507 3004 'delectatio
525 2979 659 3013 propter
680 2983 725 3011 se,
751 2979 781 3004 et
804 2984 866 3004 non
880 2980 1016 3014 propter
1031 2975 1120 3005 aliud
1135 2976 1305 3015 appetitur,
1321 2977 1349 3005 si
1365 2976 1402 3015 ζν

335 3022 471 3057 propter
493 3017 579 3047 dicat
600 3027 729 3048 causam
743 3018 901 3058 finalem:
924 3019 975 3049 hic
990 3029 1065 3049 vero
1089 3025 1119 3049 et
1138 3019 1210 3049 alibi
1230 3029 1266 3049 ex
1282 3029 1400 3059 propo-

342 3061 411 3097 sito,
430 3067 466 3091 ut
481 3060 513 3090 in
530 3061 571 3090 111
591 3061 711 3091 Contra
730 3061 832 3099 Gent„
851 3073 917 3102 cap.
930 3073 1011 3099 xxvx,
1027 3063 1096 3094 vult
1115 3063 1203 3104 quod
1223 3063 1400 3094 delectatio-

342 3114 397 3134 nes
422 3111 495 3135 sunt
518 3112 647 3144 propter
670 3105 878 3145 operationes.

397 3149 472 3178 Non
501 3155 654 3179 consonat
684 3159 813 3199 quoque
845 3151 933 3190 quod
963 3150 1111 3181 naturalis
1140 3151 1219 3181 ordo
1249 3151 1401 3191 appetibi-

341 3192 421 3223 lium
437 3190 483 3222 ab
507 3193 648 3233 appetitu
672 3193 830 3230 sensitivo,
849 3194 888 3224 sit
909 3195 1082 3224 contrarius
1106 3195 1209 3224 ordini
1228 3202 1345 3226 statuto
1362 3196 1400 3226 ab

343 3236 524 3267 Institutore
552 3243 689 3267 naturae.
715 3238 797 3267 Nam
828 3239 946 3278 absque
975 3248 1077 3269 errore
1104 3249 1152 3269 res
1175 3239 1332 3270 naturales
1355 3239 1400 3269 di-

341 3280 495 3320 riguntur.
516 3281 548 3311 Si
573 3290 646 3320 ergo
667 3281 828 3312 Institutor
844 3289 972 3312 naturae
997 3282 1217 3313 delectationes
1241 3283 1401 3313 sensibiles

341 3324 476 3355 instituit
505 3331 634 3364 propter
662 3325 860 3365 operationes
889 3332 924 3356 ut
955 3325 1070 3362 finem,
1095 3336 1168 3366 ergo
1198 3327 1236 3357 ab
1259 3327 1400 3367 appetitu

342 3368 491 3398 sensitivo
515 3368 697 3399 naturaliter
719 3369 895 3409 appetenda
918 3377 973 3406 est,
998 3376 1029 3400 et
1051 3377 1280 3411 consequenter
1302 3381 1400 3411 appe-

343 3412 431 3448 titur,
455 3412 619 3443 delectatio
650 3413 803 3443 sensibilis
827 3420 956 3454 propter
981 3414 1216 3454 operationem,
1242 3422 1272 3446 et
1294 3425 1360 3445 non
1384 3425 1400 3445 e

343 3465 507 3486 converso.

401 3499 533 3531 Difficile
557 3510 687 3541 quoque
710 3508 756 3532 est
779 3501 882 3532 videre
906 3502 1072 3542 quomodo
1097 3512 1133 3532 ex
1155 3502 1217 3533 hoc
1240 3503 1329 3542 quod
1347 3512 1400 3543 ap-

1452 2799 1619 2840 prehensio
1649 2799 1793 2830 sensitiva
1822 2809 1888 2830 non
1912 2799 2036 2840 attingit
2059 2801 2098 2830 ad
2122 2810 2329 2831 communem
2360 2800 2515 2832 rationem

1453 2843 1539 2880 boni,
1564 2844 1619 2873 sed
1642 2843 1834 2883 particularis
1859 2843 1934 2874 boni
1964 2844 2052 2884 quod
2076 2851 2122 2875 est
2144 2844 2334 2881 delectabile,
2357 2844 2514 2885 sequitur,

1453 2894 1484 2918 et
1507 2887 1588 2918 sicut
1610 2887 1736 2918 effectus
1760 2897 1797 2918 ex
1820 2897 1922 2924 causa,
1939 2888 2027 2928 quod
2042 2887 2200 2928 appetitus
2216 2888 2382 2919 sensitivus
2399 2888 2515 2919 feratur

1453 2931 1486 2961 in
1510 2931 1728 2972 operationem
1751 2938 1880 2972 propter
1903 2932 2153 2963 delectationem.
2178 2933 2219 2963 Et
2241 2932 2317 2973 quia
2338 2932 2455 2963 falsum
2469 2932 2515 2964 vi-

1454 2976 1545 3006 detur
1568 2983 1782 3015 assumptum:
1808 2976 1962 3016 quoniam
1990 2976 2128 3016 cognitio
2153 2975 2299 3006 sensitiva
2323 2976 2460 3007 extendit
2482 2986 2515 3007 se

1453 3020 1493 3049 ad
1512 3020 1635 3050 bonum
1651 3030 1717 3050 non
1734 3019 1914 3050 delectabile
1938 3021 2114 3050 secundum
2133 3029 2271 3056 sensum,
2289 3027 2324 3050 ut
2339 3027 2425 3060 patet
2441 3030 2516 3051 cum

1454 3063 1591 3093 hirundo
1620 3063 1739 3103 colligit
1766 3064 1871 3104 paleas
1894 3070 1925 3094 et
1947 3064 2052 3094 lutum
2075 3073 2133 3104 pro
2157 3063 2248 3100 nido,
2274 3073 2339 3094 non
2363 3064 2438 3105 quia
2461 3065 2516 3095 de-

1453 3108 1546 3138 lectet
1569 3118 1638 3138 earn
1654 3114 1754 3138 tactus
1770 3115 1824 3138 aut
1838 3107 1923 3138 visus
1942 3107 2049 3148 paleae
2065 3114 2120 3138 aut
2141 3107 2210 3143 luti,
2236 3108 2290 3139 sed
2313 3113 2443 3148 propter
2457 3108 2515 3139 uti-

1452 3151 1582 3182 litatem.
1599 3169 1616 3174 -
1634 3152 1674 3182 Et
1689 3151 1763 3192 quia
1782 3161 1847 3181 non
1863 3151 1969 3182 solum
1985 3151 2157 3188 causalitas,
2178 3152 2233 3182 sed
2248 3151 2402 3182 connexio
2418 3151 2515 3183 medii

1455 3206 1529 3226 cum
1553 3195 1758 3226 conclusione
1781 3205 1847 3225 non
1871 3202 2009 3236 apparet.

1509 3240 1546 3269 ΙΙ.
1571 3240 1622 3270 Ad
1645 3239 1833 3270 evidentiam
1857 3239 1970 3269 harum
1994 3246 2131 3280 quatuor
2152 3239 2396 3275 dubitationum,
2417 3239 2514 3269 scien-

1454 3283 1532 3313 dum
1556 3290 1603 3313 est
1626 3284 1744 3323 primo,
1769 3283 1859 3323 quod
1886 3283 2050 3314 delectatio
2075 3290 2105 3314 et
2128 3283 2287 3324 operatio,
2312 3293 2368 3313 seu
2390 3283 2514 3313 bonum

1454 3327 1661 3358 coniunctum
1685 3337 1815 3358 causans
1841 3327 2092 3364 delectationem,
2117 3328 2155 3358 de
2179 3337 2245 3368 quo
2269 3333 2316 3357 est
2338 3326 2517 3363 delectatio,

1454 3371 1619 3411 dupliciter
1641 3377 1776 3411 possunt
1797 3370 2003 3401 considerari:
2020 3371 2143 3422 primo,
2168 3371 2345 3402 secundum
2367 3380 2400 3400 se
2423 3370 2515 3400 abso—

1453 3415 1534 3451 lute;
1559 3416 1709 3451 secundo,
1733 3414 1767 3444 in
1790 3421 1932 3454 respectu
1957 3415 1996 3445 ad
2019 3415 2165 3446 invicem.
2189 3415 2230 3446 Et
2252 3415 2314 3445 hoc
2329 3413 2512 3453 dupliciter:

1453 3459 1503 3489 vel
1519 3459 1634 3490 scilicet
1653 3465 1689 3490 ut
1704 3468 1807 3489 unum
1825 3458 1994 3499 appetibile
2009 3452 2197 3495 formaliter,
2220 3458 2271 3489 vel
2289 3464 2325 3488 ut
2343 3457 2444 3488 multa
2459 3467 2514 3497 ap-

1454 3503 1592 3543 petibilia
1623 3502 1803 3534 formaliter.
1835 3502 1867 3533 Si
1891 3503 2035 3534 absolute
2066 3502 2317 3539 considerentur,
2341 3508 2517 3542 utrumque

2566 879 2613 907 Qu.
2635 885 2656 906 1,
2671 883 2713 901 nrt.
2730 885 2751 907 1,

2540 905 2603 932 ad23
2614 911 2653 933 qu.
2663 911 2698 933 ιιι,
2709 909 2753 927 nrt.

2539 1195 2661 1245 Βιὲιοῃοὶεῑ.
2653 1196 2755 1224 ,in-fg..
