2852 4152
60 1197 211 1226 'An-45.

42 2015 176 2064 ἸἈΙ-ις.

1004 223 1268 269 QUAESTIO
1298 225 1346 271 II,
1374 224 1667 263 ARTICULUS
1694 227 1762 263 V11

356 299 415 334 An
442 309 600 334 TERTmM
627 310 810 335 DlCENDtJM
844 301 947 348 quod
986 314 1032 337 eo
1067 302 1185 338 modo
1221 314 1356 339 omnes
1411 303 1537 352 quitur
1564 304 1667 353 quod
1687 304 1881 342 delectatio
1901 305 1947 342 sit
1965 307 2172 344 maximum
2193 315 2229 345 et
2250 321 2318 357 per
2337 321 2376 346 se
2395 304 2465 347 bo-

303 357 486 399 appetunt
499 350 787 387 delectationem
803 357 822 398 ι,
839 352 933 389 sicut
948 361 984 389 et
998 361 1178 402 appetunt
1192 355 1355 391 bonum:

1410 368 1519 393 num:
1548 356 1615 393 sed
1640 357 1745 406 quod
1764 369 2015 407 unaquaeque
2036 359 2230 397 delectatio
2252 374 2462 409 consequa-

304 410 340 439 et
366 410 508 439 tamen·
524 402 813 440 delectationem
833 412 1015 452 appetunt
1034 406 1177 443 ratione
1196 407 1299 454 boni,
1321 415 1356 444 et
1409 416 1468 445 tur
1487 408 1642 456 aliquod
1661 410 1820 456 bonum,
1842 418 1877 447 et
1895 411 1999 459 quod
2014 411 2139 459 aliqua
2154 412 2350 450 delectatio
2371 426 2461 452 con-

302 467 382 501 non
410 467 432 491 e
461 467 658 502 conver80‚
688 463 729 492 ut
757 456 898 493 dictum
929 466 983 494 est
1002 459 1032 494 ³⁶.
1063 459 1172 496 Unde
1193 471 1271 496 non
1299 472 1356 496 se-

356 568 374 600 ι)
393 567 600 593 delectationem.
618 581 637 586 -
655 567 841 593 delectationes
859 570 905 594 Pa.

1409 469 1587 509 sequatur
1605 461 1642 498 id
1661 462 1767 509 quod
1787 470 1841 499 est
1858 475 1928 511 per
1954 475 1994 500 se
2019 471 2054 500 et
2071 464 2279 502 maximum
2299 466 2457 504 bonum.

1079 699 1392 742 ARTICULUS
1421 701 1685 743 SEPTIMUS

645 788 799 820 UTRUM
821 790 1073 823 BEATITUDO
1096 792 1275 823 HOM1N1s
1299 788 1537 824 CONerTAT
1561 794 1603 824 IN
1627 794 1790 831 ALIQUO
1814 795 1933 827 BONO
1955 796 2119 826 ANJMAE

420 901 470 922 „sf-
494 889 533 913 D
553 889 731 914 SEPT1M1JM
755 890 807 915 εις
823 890 1060 917 PROCEDITUR.
1076 880 1236 917 Videtur
1251 881 1355 927 quod

327 921 487 988 ἐὶᾳᾼῗὲἣ
513 929 704 967 beatitudo
734 931 911 968 consistat
938 931 975 968 in
1004 932 1130 980 aliquo
1154 933 1258 969 bono
1277 932 1355 969 ani-

319 974 365 1030 ,f
379 999 438 1029 «ν,
449 969 610 1025 'r'mae
640 983 839 1020 Beatitudo
869 983 969 1020 enim
998 992 1052 1021 est
1073 985 1268 1033 quoddam
1287 985 1354 1021 ho-

321 1029 332 1039 *
358 1012 454 1069 Εἶθ’)
470 1029 624 1072 &minis
646 1036 802 1072 bonum.
832 1037 918 1072 Hoc
941 1043 1068 1073 autem
1088 1050 1156 1086 per
1174 1037 1242 1073 tria
1261 1037 1354 1074 divi-

301 1089 413 1136 ditur,
434 1101 532 1138 quae
551 1095 638 1125 sunt
655 1088 758 1124 bona
781 1088 975 1135 exteriora,
997 1090 1098 1126 bona
1118 1089 1298 1138 corporis,
1320 1098 1356 1126 et

301 1141 405 1178 bona
424 1142 584 1179 animae.
607 1140 684 1177 Sed
703 1140 895 1178 beatitudo
916 1154 993 1178 non
1010 1142 1174 1179 consistit
1191 1142 1228 1178 in
1243 1142 1354 1179 bonis

303 1194 558 1240 exterioribus,
578 1205 703 1242 neque
717 1193 757 1230 in
770 1193 880 1230 bonis
896 1195 1076 1242 corporis,
1093 1195 1187 1231 sicut
1206 1207 1320 1243 supra
1336 1196 1356 1216 *

302 1254 498 1284 ostensum
528 1254 594 1283 est.
622 1247 724 1292 Ergo
753 1245 919 1282 consistit
945 1246 983 1282 in
1011 1247 1122 1284 bonis
1149 1248 1308 1284 animae.

357 1311 391 1336 2.
418 1300 650 1344 PRAETEREA,
679 1297 771 1333 illud
794 1298 852 1333 cui
882 1298 1093 1345 appetimus
1111 1299 1264 1347 aliquod
1288 1301 1354 1336 bo-

301 1363 409 1398 num,
429 1350 548 1397 magis
568 1361 743 1386 amamus
762 1361 878 1395 quam
898 1350 1044 1386 bonurn
1064 1351 1168 1399 quod
1189 1352 1222 1387 ei
1240 1364 1355 1400 appe-

301 1403 435 1440 timus:
465 1402 560 1438 sicut
582 1401 702 1448 magis
730 1413 903 1437 amamus
931 1402 1098 1439 amicum
1128 1403 1187 1439 cui
1214 1405 1355 1452 appeti-

334 894 395 935 ὶρἦξ
437 904 446 910 ”

267 1485 289 1488 γ,
300 1467 389 1492 mus
407 1453 621 1502 pecuniam,
637 1465 754 1501 quam
773 1453 987 1501 pecuniam.
1005 1455 1082 1491 Sed
1095 1456 1355 1504 unusquisque

302 1507 575 1557 quodcumque
599 1511 617 1527 α
635 1506 782 1543 bonum
810 1505 880 1542 sibi
898 1506 1049 1555 appetit.
1070 1509 1171 1555 Ergo
1187 1508 1354 1556 seipsum

301 1567 406 1598 amat
422 1559 541 1607 magis
561 1571 677 1607 quarn
698 1558 827 1594 omnia
846 1558 917 1595 alia
936 1559 1049 1596 bona.
1067 1560 1143 1596 Sed
1162 1561 1354 1598 beatitudo

303 1620 358 1650 est
390 1613 494 1661 quod
526 1611 694 1648 maxime
729 1617 894 1647 amatur:
924 1612 1028 1660 quod
1064 1620 1166 1660 patet
1202 1625 1248 1650 ex
1281 1614 1355 1650 hoc

302 1665 408 1714 quod
426 1672 581 1714 propter
599 1663 721 1712 ipsam
741 1663 871 1699 omnia
898 1663 969 1700 alia
996 1662 1011 1693 β
1031 1672 1204 1702 amantur
1231 1673 1267 1702 et
1292 1666 1355 1703 de-

301 1718 522 1755 siderantur.
538 1718 640 1764 Ergo
661 1715 852 1752 beatitudo
869 1716 1035 1753 consistit
1048 1717 1086 1753 in
1105 1717 1230 1766 aliquo
1251 1719 1354 1755 bono

299 1770 418 1820 ipsius
445 1769 622 1806 hominis.
654 1769 730 1806 Sed
757 1780 836 1805 non
859 1768 898 1805 in
916 1769 1028 1806 bonis
1052 1771 1232 1818 corporis.
1253 1772 1354 1819 Ergo

300 1822 340 1860 in
367 1822 479 1860 bonis
507 1822 667 1859 animae.

355 1876 391 1912 3.
419 1876 656 1920 Pueri-zm,
684 1873 864 1922 perfectio
893 1882 949 1911 est
976 1875 1115 1923 aliquid
1143 1875 1222 1912 eius
1250 1877 1356 1925 quod

299 1927 503 1978 perficitur.
534 1927 612 1964 Sed
643 1926 837 1963 beatitudo
866 1934 922 1963 est
953 1928 1143 1975 quaedam
1175 1929 1354 1977 perfectio

299 1980 477 2018 hominis.
506 1980 608 2027 Ergo
628 1979 821 2016 beatitudo
841 1987 897 2016 est
921 1980 1062 2028 aliquid
1081 1981 1257 2018 hominis.
1279 1981 1355 2018 Sed

299 2045 380 2070 non
401 2040 456 2069 est
474 2032 615 2080 aliquid
635 2032 815 2080 corporis,
835 2039 876 2068 ut
894 2039 1090 2069 ostensum
1119 2041 1175 2069 est
1191 2033 1222 2070 ³¹⁸.
1252 2034 1354 2081 Ergo

300 2085 495 2122 beatitudo
528 2092 584 2121 est
610 2084 750 2131 aliquid
783 2083 941 2121 animae.
972 2086 1020 2121 Et
1046 2085 1096 2121 ita
1124 2085 1290 2122 consistit
1317 2086 1354 2122 in

301 2137 412 2174 bonis
439 2137 600 2174 animae.

355 2191 430 2227 SED
458 2201 615 2236 CONTRA,
645 2189 740 2226 sicut
765 2189 997 2236 Augustinus
1026 2189 1113 2226 dicit
1139 2190 1178 2226 in
1196 2190 1290 2226 libro
1310 2191 1356 2226 de

60 2236 274 2285 ‘misor-“117
301 2244 431 2280 Doctr.
459 2242 591 2279 Christ.
611 2241 642 2288 *,
667 2242 707 2278 id
732 2242 768 2277 in
789 2253 861 2289 quo
881 2242 1113 2278 constituitur
1139 2243 1246 2278 beata
1265 2243 1353 2288 vita,

58 2511 247 2541 'Quart-8.

61 2877 72 2888 ·
85 2876 116 2898 n.
128 2865 179 2904 ⁶25.

294 2300 452 2344 propter
468 2306 508 2331 se
525 2294 755 2343 diligendum
775 2299 837 2330 est.
860 2294 936 2330 Sed
960 2294 1078 2330 homo
1099 2306 1176 2331 non
1196 2301 1251 2330 est
1267 2306 1354 2343 pro-

298 2354 383 2397 pter
411 2346 579 2395 seipsum
609 2345 830 2393 diligendus,
851 2346 919 2382 sed
937 2345 1120 2394 quidquid
1141 2354 1196 2383 est
1222 2347 1259 2383 in
1286 2347 1355 2383 ho—

300 2399 414 2446 mine,
432 2407 488 2436 est
506 2398 737 2446 diligendum
752 2405 906 2447 propter
923 2399 1062 2435 Deum.
1079 2399 1180 2446 Ergo
1195 2399 1234 2435 in
1252 2399 1354 2436 nullo

300 2453 404 2490 bono
433 2451 584 2488 animae
611 2450 804 2488 beatitudo
834 2450 1009 2487 consistit.

354 2506 578 2542 REsponnso
597 2515 781 2540 melerinum
801 2503 917 2552 quod,
934 2503 1029 2539 sicut
1047 2515 1161 2551 supra
1173 2503 1194 2525 '¹‘
1213 2503 1354 2540 dictum

302 2564 368 2604 est,
388 2557 475 2594 finis
494 2556 688 2605 dupliciter
707 2555 856 2592 dicitur:
886 2555 1023 2592 scilicet
1046 2555 1127 2603 ipsa
1153 2567 1211 2592 res
1239 2568 1355 2604 quam

301 2609 458 2658 adipisci
495 2609 773 2653 desideramus3
804 2615 840 2644 et
865 2620 977 2654 usus,
1011 2620 1078 2644 seu
1106 2607 1258 2656 adeptio
1291 2616 1356 2645 aut

299 2661 489 2710 possessio
517 2661 613 2698 illius
641 2661 706 2699 rei.
737 2660 775 2697 Si
805 2672 893 2708 ergo
925 2661 1129 2708 loquamur
1156 2660 1203 2697 de
1222 2660 1355 2697 ultimo

300 2715 377 2751 fine
404 2713 570 2751 hominis
598 2721 782 2762 quantum
810 2713 858 2749 ad
882 2712 1004 2761 ipsam
1033 2724 1114 2749 rem
1143 2725 1259 2760 quam
1292 2725 1356 2761 ap-

300 2766 466 2815 petimus
485 2766 580 2802 sicut
592 2765 768 2802 ultimum
787 2765 916 2812 finem,
933 2765 1164 2814 impossibile
1182 2773 1238 2802 est
1252 2766 1356 2814 quod

299 2819 454 2856 ultimus
482 2818 568 2855 finis
595 2817 760 2854 hominis
788 2817 834 2854 sit
861 2818 942 2866 ipsa
969 2817 1107 2863 anima,
1132 2818 1194 2854 vel
1215 2817 1356 2866 aliquid

302 2871 383 2908 eius
401 2871 431 2907 *.
462 2872 547 2919 Ipsa
567 2870 668 2907 enim
689 2870 826 2916 anima,
845 2870 883 2906 in
906 2882 946 2906 se
971 2870 1220 2917 considerata,
1242 2878 1298 2906 est
1315 2877 1356 2906 ut

300 2923 340 2960 in
359 2923 528 2973 potentia
547 2923 725 2959 existens:
755 2922 798 2958 fit
817 2922 916 2958 enim
950 2922 998 2958 de
1025 2922 1192 2970 potentia
1216 2922 1354 2959 sciente

302 2984 388 3013 actu
407 2976 540 3022 sciens,
567 2983 604 3012 et
623 2975 670 3012 de
697 2974 864 3023 potentia
881 2974 1049 3011 virtuosa
1068 2982 1152 3010 actu
1171 2974 1350 3011 virtuosa.

303 3029 403 3065 Cum
424 3036 550 3065 autem
575 3027 743 3076 potentia
763 3027 808 3063 sit
825 3033 980 3074 propter
998 3033 1136 3073 actum,
1158 3026 1252 3063 sicut
1269 3038 1356 3074 pro-

301 3088 386 3130 pter
400 3081 737 3129 complementum,
757 3078 991 3127 impossibile
1010 3086 1066 3114 est
1080 3078 1184 3126 quod
1198 3078 1236 3115 id
1252 3078 1355 3127 quod

355 3195 383 3227 α)
398 3188 587 3227 quodcunique.
598 3205 617 3212 -
629 3193 691 3217 Om.
703 3193 732 3217 F.
743 3206 763 3212 -
776 3192 826 3217 Pro
840 3193 950 3224 appetit,
970 3195 1079 3224 appetat
1093 3192 1110 3222 1,
1125 3192 1196 3224 quod
1207 3191 1310 3224 appetit
1322 3191 1357 3222 K3

298 3230 404 3263 appetit
421 3232 495 3254 amat
514 3228 605 3253 PleD
625 3233 650 3252 et
667 3235 693 3252 α.

356 3264 381 3298 β)
400 3265 463 3290 αΙία.
480 3277 498 3283 -
517 3264 578 3288 Om.
598 3263 644 3287 Pa.

1409 888 1464 917 est
1491 881 1701 918 secundum
1730 895 1770 918 se
1798 883 1835 919 in
1860 884 2027 931 potentia
2055 883 2226 930 existens,
2246 884 2384 921 habeat
2403 897 2459 922 ra-

1407 933 1551 970 tionem
1583 933 1702 970 ultimi
1734 935 1830 972 finis.
1860 936 1971 972 Unde
2007 935 2236 984 impossibile
2270 944 2324 973 est
2355 937 2459 985 quod

1407 985 1489 1033 ipsa
1516 986 1643 1022 anima
1671 986 1716 1023 sit
1742 987 1893 1024 ultimus
1921 988 2005 1025 finis
2033 989 2090 1024 sui
2118 988 2245 1037 ipsius.

1462 1038 1636 1074 Similiter
1664 1039 1776 1076 etiarn
1805 1052 1928 1088 neque
1957 1040 2095 1088 aliquid
2119 1041 2208 1087 eius,
2229 1040 2309 1077 sive
2329 1040 2374 1077 sit
2391 1053 2458 1089 po-

1407 1090 1542 1138 tentia,
1580 1090 1659 1127 sive
1696 1091 1863 1138 habitus,
1901 1092 1979 1129 sive
2017 1100 2132 1130 actus.
2168 1094 2319 1129 Bonum
2356 1093 2457 1130 enim

1408 1143 1512 1190 quod
1533 1150 1587 1179 est
1604 1143 1757 1180 ultimus
1777 1144 1874 1190 finis,
1892 1151 1946 1180 est
1964 1145 2110 1181 bonum
2128 1146 2335 1193 perfectum
2355 1157 2458 1182 com-

1407 1196 1514 1243 plens
1533 1195 1741 1244 appetitum
1759 1201 1786 1232 Υ.
1811 1196 2010 1245 Appetitus
2029 1204 2154 1233 autem
2173 1198 2374 1244 humanus,
2394 1199 2458 1245 qui

1409 1255 1464 1283 est
1489 1249 1676 1295 voluntas,
1707 1256 1762 1284 est
1789 1248 1880 1285 boni
1902 1249 2136 1285 universalis.
2168 1249 2373 1295 Quodlibet
2391 1250 2458 1286 bo-

1409 1311 1500 1335 nurn
1530 1308 1655 1336 autem
1690 1301 1889 1337 inhaerens
1922 1301 1991 1349 ipsi
2025 1301 2192 1347 animae,
2227 1309 2282 1337 est
2313 1302 2458 1338 bonum

1408 1351 1669 1399 participatum
1692 1353 1727 1398 ²¹⁶,
1759 1360 1794 1389 et
1820 1366 1888 1401 per
1916 1365 2151 1401 consequens
2183 1353 2456 1401 particulatum.

1407 1403 1517 1439 Unde
1545 1403 1777 1451 impossibile
1806 1413 1862 1441 est
1894 1407 1998 1453 quod
2018 1406 2169 1453 aliquod
2189 1418 2321 1442 eorum
2341 1406 2387 1443 sit
2404 1407 2458 1443 ul-

1407 1455 1520 1491 timus
1547 1455 1633 1492 finis
1661 1456 1837 1493 hominis.

1462 1507 1539 1544 Sed
1558 1507 1588 1544 si
1615 1509 1816 1556 loquamur
1835 1509 1881 1545 de
1901 1510 2030 1546 ultimo
2058 1511 2133 1546 fine
2158 1510 2322 1547 hominis
2341 1523 2459 1559 quan-

1408 1566 1489 1595 tum
1517 1560 1565 1596 ad
1593 1559 1715 1607 ipsam
1735 1561 1975 1609 adeptionem
1999 1563 2061 1599 vel
2080 1563 2370 1610 possessionem,
2391 1576 2458 1600 seu

1409 1624 1692 1661 quemcumque
1720 1625 1833 1649 usum
1862 1613 1977 1661 ipsius
2005 1614 2057 1650 rei
2085 1626 2182 1661 quae
2207 1615 2392 1662 appetitur
2418 1623 2460 1652 ut

1408 1663 1509 1710 finis,
1539 1664 1592 1700 sic
1620 1665 1669 1701 ad
1696 1664 1871 1701 ultimum
1898 1666 2016 1702 finem
2042 1666 2201 1714 pertinet
2228 1667 2365 1715 aliquid
2391 1668 2460 1703 ho-

1409 1716 1520 1753 minis
1549 1729 1594 1753 ex
1621 1724 1725 1765 parte
1754 1717 1923 1754 animae:
1953 1718 2041 1767 quia
2067 1719 2186 1755 homo
2205 1731 2274 1767 per
2292 1719 2458 1756 animam

1408 1769 1680 1806 beatitudinem
1700 1770 1952 1818 consequitur.
1973 1771 2050 1807 Res
2070 1782 2157 1818 ergo
2177 1771 2259 1819 ipsa
2277 1783 2375 1819 quae
2394 1784 2458 1820 ap-

1407 1821 1543 1870 petitur
1560 1829 1602 1858 ut
1628 1821 1727 1869 finis,
1748 1830 1802 1858 est
1830 1822 1869 1859 id
1887 1822 1925 1859 in
1954 1835 2030 1871 quo
2058 1823 2249 1860 beatitudo
2274 1824 2457 1871 consistit,

1409 1881 1445 1910 et
1476 1874 1581 1923 quod
1608 1874 1763 1920 beatum
1783 1874 1880 1911 facit:
1910 1875 1977 1912 sed
2004 1875 2115 1911 huius
2144 1875 2196 1911 rei
2221 1875 2371 1924 adeptio
2390 1889 2459 1913 vo-

1409 1934 1513 1963 catur
1531 1926 1735 1963 beatitudo.
1766 1927 1875 1963 Unde
1900 1927 2101 1964 dicendum
2131 1935 2186 1964 est
2213 1928 2318 1976 quod
2345 1928 2459 1965 beati-

1407 1979 1500 2015 tudo
1521 1986 1575 2015 est
1602 1978 1740 2026 aliquid
1769 1979 1938 2024 animae;
1968 1979 2035 2016 sed
2062 1979 2101 2016 id
2127 1979 2165 2016 in
2184 1992 2261 2028 quo
2295 1980 2460 2017 consistit

1407 2031 1611 2077 beatitudo,
1632 2038 1686 2067 est
1713 2031 1853 2078 aliquid
1881 2038 1983 2068 extra
2011 2031 2189 2068 animam.

1460 2085 1518 2119 AD
1533 2095 1669 2119 PRIMUM
1687 2094 1785 2120 ERGO
1800 2095 1982 2120 D1CENDUM
1997 2084 2112 2132 quod,
2129 2085 2338 2122 secundum
2354 2085 2458 2133 quod

1407 2136 1478 2172 sub
1506 2135 1568 2171 illa
1596 2135 1779 2172 divisione
1804 2136 2176 2184 comprehenduntur
2200 2137 2329 2174 omnia
2356 2138 2458 2174 bona

1408 2199 1505 2235 quae
1533 2187 1679 2224 homini
1708 2195 1793 2224 sunt
1821 2187 2046 2235 appetibilia,
2071 2188 2124 2224 sie
2142 2189 2288 2226 bonum
2309 2189 2457 2226 animae

1409 2240 1541 2276 dicitur
1560 2252 1638 2275 non
1657 2240 1781 2276 solum
1800 2239 1968 2288 potentia
1991 2249 2055 2276 aut
2072 2241 2221 2277 habitus
2249 2243 2313 2278 aut
2336 2249 2456 2289 actus,

1408 2293 1475 2329 sed
1495 2292 1607 2328 etiam
1628 2291 1831 2339 obiectum,
1849 2292 1952 2340 quod
1972 2299 2027 2329 est
2042 2292 2302 2330 extrinsecum.
2319 2295 2368 2330 Et
2384 2295 2459 2331 hoc

1409 2344 1527 2382 modo
1556 2344 1646 2380 nihil
1673 2344 1848 2392 prohibet
1875 2344 1999 2382 dicere
2026 2345 2063 2382 id
2091 2345 2129 2382 in
2157 2357 2234 2393 quo
2267 2346 2458 2383 beatitudo

1410 2398 1588 2445 consistit,
1618 2409 1699 2433 esse
1728 2397 1923 2444 quoddam
1952 2397 2097 2434 bonum
2126 2398 2286 2435 animae.

1461 2452 1519 2487 AD
1539 2461 1726 2487 SECUNDUM
1745 2461 1939 2496 DICENDUM,
1955 2457 2139 2498 quantum
2158 2451 2207 2487 ad
2220 2451 2457 2499 propositum

1408 2503 1578 2551 pertinet,
1595 2502 1700 2551 quod
1715 2502 1908 2538 beatitudo
1927 2502 2092 2539 maxime
2111 2510 2260 2539 amatur
2277 2510 2458 2551 tanquam

1409 2557 1554 2592 bonum
1583 2554 1847 2602 concupitum:
1876 2554 2021 2590 amicus
2053 2562 2178 2600 autem
2207 2563 2354 2592 amatur
2379 2563 2459 2593 tan-

1409 2620 1525 2656 quam
1553 2606 1678 2644 id'cui
1708 2606 1984 2654 concupiscitur
2011 2607 2173 2653 bonum;
2203 2614 2239 2643 et
2265 2607 2317 2644 sic
2345 2607 2457 2644 etiam

1408 2661 1527 2696 homo
1547 2667 1650 2696 amat
1676 2659 1854 2707 seipsum.
1884 2659 1993 2696 Unde
2022 2671 2100 2696 non
2129 2667 2184 2696 est
2211 2660 2345 2697 eadem
2365 2661 2457 2697 ratio

1409 2712 1549 2749 amoris
1572 2711 1785 2758 utrobique.
1815 2711 1950 2748 Utrum
1979 2718 2104 2748 autern
2125 2724 2254 2748 amore
2274 2712 2458 2749 amicitiae

1409 2764 1547 2812 aliquid
1566 2762 1579 2785 δ
1607 2764 1725 2800 homo
1755 2775 1868 2812 supra
1896 2776 1935 2799 se
1964 2771 2081 2811 amet,
2112 2764 2180 2800 erit
2204 2765 2310 2801 locus
2339 2765 2459 2801 consi-

1409 2816 1565 2854 derandi
1593 2828 1679 2852 cum
1709 2816 1756 2852 de
1785 2815 1936 2852 caritate
1964 2823 2094 2863 agetur
2111 2815 2142 2853 ²¹².

1462 2871 1697 2906 AD‚TER·r1uM
1716 2880 1898 2905 DicENDUM
1922 2868 2027 2917 quod
2045 2868 2237 2905 beatitudo
2257 2868 2349 2916 ipsa,
2371 2882 2458 2907 cum

1409 2921 1455 2958 sit
1480 2921 1660 2970 perfectio
1699 2920 1869 2966 animae,
1900 2928 1955 2956 est
1982 2920 2177 2968 quoddam
2209 2921 2357 2958 animae
2392 2922 2460 2958 bo-

1409 2986 1503 3010 num
1538 2973 1756 3009 inhaerens:
1787 2973 1852 3009 sed
1879 2972 1918 3008 id
1945 2972 1984 3009 in
2011 2985 2088 3020 quo
2118 2973 2309 3010 beatitudo
2339 2974 2460 3011 consi-

1409 3026 1480 3071 stit,
1510 3025 1615 3074 quod
1643 3025 1781 3061 scilicet
1808 3025 1961 3061 beatum
1989 3024 2086 3072 facit,
2117 3032 2172 3061 est
2198 3025 2339 3073 aliquid
2359 3033 2461 3063 extra

1409 3077 1589 3124 animam,
1617 3084 1658 3113 ut
1685 3077 1827 3114 dictum
1856 3084 1912 3113 est
1928 3076 1959 3113 ²⁸.

1463 3193 1490 3223 γ)
1508 3192 1663 3222 appetitum.
1680 3205 1699 3210 —
1717 3190 1778 3215 honi
1795 3190 1940 3222 appetitum
1959 3190 1988 3220 P,
2007 3190 2102 3214 bonum
2121 3189 2266 3222 appetitum
2285 3190 2325 3215 ed.
2337 3198 2364 3215 a.

1463 3225 1487 3258 ὃ)
1506 3226 1618 3258 aliquid.
1632 3239 1652 3245 -·
1668 3226 1781 3258 aliquem
1800 3226 1877 3251 ABG.

973 3340 1302 3373 Commentario.
1324 3340 1573 3374 cardinalis
1595 3339 1795 3372 Caietam

333 3442 354 3462 N
374 3431 504 3462 articulo
524 3431 658 3471 septimo
683 3437 713 3461 et
736 3436 848 3461 octavo
872 3429 1006 3460 dubium
1033 3429 1167 3460 occurrit
1186 3428 1224 3458 de
1246 3428 1358 3462 funda-

306 3444 442 3506 Imento
468 3475 645 3515 utriusque,
678 3474 808 3504 scilicet:
837 3473 1006 3505 obiectum
1033 3472 1202 3503 voluntatis
1233 3479 1358 3502 nostrae

301 3526 350 3551 est
365 3519 539 3550 universale
558 3519 689 3549 bonum.
711 3517 873 3555 Quoniam
896 3524 951 3548 aut
965 3517 1099 3548 intendit
1114 3526 1169 3557 per
1184 3515 1357 3547 universale

1411 3428 1542 3464 bonum,
1559 3434 1663 3458 totum
1680 3437 1735 3458 seu
1754 3437 1850 3458 omne
1865 3427 2005 3464 bonum;
2030 3433 2084 3457 aut
2098 3427 2219 3457 bonum
2235 3427 2267 3456 in
2283 3426 2459 3458 universali.

1410 3472 1443 3502 Si
1466 3472 1604 3502 secundo
1624 3471 1733 3508 modo,
1752 3481 1863 3502 verum
1877 3478 1931 3507 est,
1949 3478 1979 3501 et
1996 3471 2075 3501 bene
2094 3471 2244 3510 probatur
2259 3470 2356 3511 quod,
2380 3470 2460 3501 sicut

1410 3515 1571 3546 obiectum
1593 3515 1769 3546 intellectus
1784 3522 1830 3546 est
1843 3525 1963 3551 verum,
1982 3524 2048 3544 non
2071 3521 2175 3544 tamen
2193 3514 2226 3544 in
2241 3514 2302 3544 hoc
2326 3514 2459 3554 particu-

2415 223 2467 263 23

2580 1206 2597 1231 Υ

2487 1367 2495 1374 ·
2509 1365 2538 1386 D.
2551 1364 2598 1392 285.

2582 2765 2596 2790 ὃ

2485 2826 2494 2835 ·
2514 2825 2548 2847 cf.
2568 2825 2615 2846 11⁸-
2629 2826 2682 2853 nn,

2486 2866 2524 2887 qu.
2532 2866 2595 2886 xxvi,
2605 2864 2648 2882 art.
2661 2867 2683 2889 3.

2489 3082 2497 3090 ¹
2511 3081 2537 3102 In
2551 3087 2656 3109 corpore.
