2852 4152
123 2436 132 2445 ⁶
148 2435 195 2462 Qu.
210 2440 276 2461 xxm,
291 2438 333 2456 art.

122 2468 143 2490 35
158 2468 192 2487 4·.

374 235 443 270 186

1044 236 1307 282 QUAESTIO
1339 238 1459 283 XXV,
1489 237 1783 274 ARTICULUS
1815 238 1863 273 ΙΙΙ

1166 378 1480 420 ARTICULUS
1508 378 1735 420 TERTIUS

858 480 1011 510 UTRUM
1036 479 1132 510 SPES
1156 479 1222 508 SIT
1245 478 1377 508 PRIMA
1402 478 1533 507 INTER
1555 478 1782 509 PASSIONES
1807 479 2048 512 IRASCIBILIS

401 608 424 627 s.
482 590 497 626 ,ῃ
513 598 528 627 5
556 589 597 614 o
616 588 774 613 TERTmM
802 587 855 612 SIC
875 585 1111 611 PROCEDITUR.
1132 572 1291 609 Videtur
1316 572 1421 620 quod

425 626 439 647 *⁴
576 642 661 678 spes
689 641 767 665 non
794 628 838 664 sit
856 627 976 676 prima
1005 627 1100 662 inter
1127 625 1323 673 passiones
1351 625 1420 661 ira-

381 679 502 761 ’ἐς
523 679 722 723 (scibilis.
752 681 818 717 Vis
846 679 947 715 enim
980 677 1173 715 irascibilis
1202 678 1249 714 ab
1276 677 1330 714 ira
1358 679 1420 714 de-

421 748 431 760 *
453 735 481 759 Y..

471 726 802 771 &nominatum
833 733 932 768 Cum
963 743 1051 778 ergo
1076 731 1326 767 denominatio
1342 732 1422 778 fiat

125 790 334 844 grgf·¹f¹‘1·ps220v
363 800 387 825 a
410 788 608 836 potiori*,
637 787 786 822 videtur
815 784 918 832 quod
947 783 1001 820 ira
1029 784 1073 820 sit
1102 783 1228 831 potior
1257 791 1292 820 et
1319 783 1421 831 prior

391 853 481 878 uam
510 853 526 876 s
555 853 606 876 es.

364 853 388 889 q
418 905 452 930 2.
474 853 704 936 PREETEREA,
730 890 892 927 arduum
923 896 978 925 est
1003 889 1194 925 obiectum
1215 888 1418 926 irascibilis.

365 946 441 983 Sed
461 945 579 992 magis
597 943 747 980 videtur
774 954 854 979 esse
881 941 1044 978 arduum
1070 941 1176 989 quod
1204 941 1337 989 aliquis
1358 954 1420 977 co-

363 1007 472 1035 netur
499 1009 677 1045 superare
699 997 842 1032 malum
869 995 1096 1031 contrarium
1124 994 1229 1042 quod
1248 993 1421 1030 imminet

362 1058 403 1087 ut
421 1051 599 1094 futurum,
622 1049 727 1096 quod
745 1047 905 1096 pertinet
923 1047 971 1084 ad
992 1046 1207 1092 audaciam;
1235 1047 1296 1083 vel
1316 1047 1419 1093 quod

363 1103 496 1139 iniacet
523 1102 598 1138 iam
626 1109 668 1137 ut
694 1112 886 1149 praesens,
909 1100 1013 1148 quod
1041 1099 1201 1148 pertinet
1229 1099 1276 1135 ad
1304 1098 1418 1143 iram;

361 1167 477 1203 quarn
507 1154 612 1203 quod
631 1161 789 1190 conetur
817 1153 1008 1201 acquirere
1033 1151 1247 1201 simpliciter
1266 1151 1419 1198 aliquod

361 1209 517 1244 bonum.
539 1209 587 1244 Et
619 1206 787 1243 similiter
814 1205 933 1253 magis
962 1205 1112 1241 videtur
1145 1216 1227 1241 esse
1256 1204 1418 1240 arduum

362 1262 466 1309 quod
487 1267 643 1297 conetur
657 1259 809 1296 vincere
828 1259 972 1295 malum
992 1270 1184 1306 praesens,
1205 1269 1320 1304 quam
1340 1269 1419 1293 ma-

360 1316 439 1352 lum
459 1315 638 1351 futurum.
660 1313 761 1359 Ergo
781 1312 835 1348 ira
853 1311 1003 1348 videtur
1032 1322 1112 1346 esse
1139 1309 1265 1359 potior
1293 1309 1418 1358 passio

361 1380 476 1416 quam
504 1365 672 1411 audacia,
700 1372 734 1400 et
753 1363 912 1400 audacia
932 1375 1056 1412 quam
1076 1375 1173 1412 spes.
1195 1363 1244 1399 Et
1262 1362 1314 1399 sic
1333 1375 1419 1411 spes

360 1433 438 1458 non
465 1419 614 1456 videtur
642 1429 724 1454 esse
753 1417 856 1465 prior
876 1422 903 1453 α.

415 1475 448 1510 3.
465 1473 696 1516 PRAETEREA,
713 1469 816 1518 prius
837 1468 1009 1515 occurrit,
1030 1468 1068 1505 in
1088 1477 1197 1505 motu
1217 1468 1264 1504 ad
1285 1468 1416 1516 finem,

360 1538 529 1562 recessus
549 1537 570 1560 a
590 1523 762 1569 termino,
792 1535 909 1571 quarn
938 1533 1111 1558 accessus
1131 1521 1179 1558 ad
1199 1520 1416 1558 terminum.

359 1577 434 1615 Sed
462 1578 574 1614 timor
603 1585 638 1613 et
676 1575 886 1624 desperatio
915 1575 1120 1623 important
1148 1586 1340 1610 recessum
1369 1575 1417 1611 ab

359 1632 503 1680 aliquo:
525 1629 682 1667 audacia
702 1636 829 1665 autem
848 1635 884 1664 et
898 1640 984 1676 spes
998 1627 1204 1675 important
1222 1639 1417 1663 accessum

360 1685 408 1721 ad
437 1683 588 1732 aliquid.
619 1683 721 1729 Ergo
750 1681 862 1718 timor
882 1688 917 1717 et
945 1679 1158 1728 desperatio
1187 1679 1419 1728 praecedunt

359 1749 468 1786 spem
497 1743 533 1773 et
559 1734 771 1772 audaciam.

413 1791 487 1826 SED
503 1800 659 1834 CONTRA,
681 1794 822 1835 quanto
842 1785 983 1833 aliquid
1003 1793 1059 1822 est
1076 1785 1325 1833 propinquius
1345 1785 1418 1833 pri-

360 1855 437 1889 mo,
471 1849 574 1878 tanto
609 1848 663 1877 est
698 1839 811 1888 prius.
851 1838 928 1875 Sed
965 1850 1050 1886 spes
1089 1846 1144 1874 est
1170 1838 1420 1886 propinquior

359 1895 491 1941 amori,
523 1893 586 1942 qui
621 1900 675 1929 est
702 1892 823 1941 prima
850 1891 1084 1940 passionum.
1115 1891 1216 1938 Ergo
1250 1903 1336 1939 spes
1366 1898 1420 1927 est

357 1948 460 1997 prior
487 1947 581 1983 inter
609 1957 742 1981 omnes
770 1944 965 1992 passiones
994 1942 1197 1980 irascibilis.

411 2002 636 2036 REsPONDEo
665 2009 848 2034 mcENDUM
878 1996 993 2044 quod,
1015 1996 1109 2032 sicut
1136 1995 1213 2031 iam
1232 1994 1252 2016 ²¹⁹
1276 1995 1418 2032 dictum

361 2061 425 2099 est,
455 2064 590 2089 omnes
615 2050 808 2099 passiones
833 2048 1022 2085 irascibiHs
1047 2048 1251 2096 important
1269 2055 1419 2084 motum

359 2106 396 2142 in
425 2105 575 2153 aliquid.
612 2104 740 2140 Motus
777 2109 905 2138 autem
935 2101 983 2138 ad
1012 2100 1153 2149 aliquid
1181 2100 1219 2136 in
1247 2100 1420 2137 irascibili

360 2166 485 2207 potest
504 2156 648 2194 causari
669 2168 714 2192 ex
729 2155 900 2192 duobus:
921 2166 999 2190 uno
1020 2154 1151 2200 modo,
1168 2165 1213 2189 ex
1229 2153 1309 2189 sola
1329 2153 1420 2201 apti-

360 2211 489 2248 tudine
518 2222 585 2246 seu
612 2208 858 2257 proportione
887 2206 935 2243 ad
964 2207 1098 2252 finem,
1128 2218 1226 2254 quae
1260 2206 1419 2254 pertinet

361 2264 410 2301 ad
429 2275 600 2300 amorem
620 2261 682 2298 vel
707 2260 855 2306 odium3
886 2259 958 2296 alio
987 2260 1117 2305 modo,
1140 2271 1184 2295 ex
1207 2258 1419 2306 praesentia

360 2316 475 2365 ipsius
504 2315 595 2352 boni
621 2314 683 2350 vel
711 2312 816 2359 mali,
846 2323 944 2360 quae
971 2311 1132 2359 pertinet
1160 2311 1209 2347 ad
1236 2310 1417 2347 tristitiam

360 2370 422 2405 vel
441 2368 633 2416 gaudium.
663 2367 712 2402 Et
740 2365 895 2414 quidem
924 2375 969 2400 ex
988 2364 1201 2412 praesentia
1229 2363 1320 2400 boni
1341 2375 1419 2399 non

362 2428 536 2458 causatur
555 2420 679 2468 aliqua
698 2418 823 2467 passio
844 2417 881 2454 in
897 2416 1081 2463 irascibili,
1099 2424 1138 2452 ut
1154 2416 1295 2453 dictum
1316 2415 1416 2452 est*:

364 2474 430 2511 sed
451 2486 495 2510 ex
514 2471 725 2522 praesentia
753 2470 842 2507 mali
862 2476 1035 2506 causatur
1053 2469 1179 2518 passio
1199 2468 1287 2505 irae.

415 2526 516 2572 Quia
534 2525 644 2573 igitur
671 2525 709 2561 in
727 2523 790 2560 via
814 2522 1064 2570 generationis
1090 2534 1156 2558 seu
1185 2520 1419 2557 consecutio-

361 2579 429 2626 nis,
449 2577 644 2627 proportio
660 2577 722 2613 vel
742 2575 911 2624 aptitudo
927 2574 975 2611 ad
990 2575 1109 2611 finem
1125 2573 1317 2622 praecedit
1331 2585 1419 2610 con-

362 2631 595 2669 secutionem
619 2630 722 2674 finis;
750 2628 839 2665 inde
865 2635 920 2664 est
944 2627 1050 2674 quod
1075 2627 1139 2672 ira,
1161 2626 1256 2663 inter
1285 2638 1420 2662 omnes

361 2684 554 2733 passiones
583 2681 786 2728 irascibilis,
808 2688 863 2717 est
894 2680 1034 2725 ultima,
1057 2679 1190 2716 ordine
1213 2678 1420 2726 generatio-

362 2737 430 2774 nis.
447 2738 547 2773 Inter
561 2736 651 2772 alias
666 2742 792 2772 autem
806 2733 1002 2782 passiones
1018 2731 1220 2778 irascibilis,
1237 2743 1335 2780 quae
1351 2731 1420 2767 im-

361 2797 513 2839 portant
527 2796 676 2825 motum
698 2793 993 2834 consequentem
1014 2797 1187 2821 amorem
1206 2785 1267 2822 vel
1288 2784 1421 2821 odium

362 2842 453 2880 boni
484 2842 546 2879 vel
575 2841 684 2887 mali,
718 2846 866 2888 oportet
897 2838 1002 2887 quod
1030 2837 1225 2886 passiones
1259 2849 1421 2885 quarum

364 2895 554 2932 obiectum
576 2901 631 2930 est
661 2893 820 2939 bonurn,
849 2891 988 2928 scilicet
1013 2902 1099 2938 spes
1128 2897 1165 2926 et
1197 2889 1420 2937 desperatio,

364 2948 435 2985 sint
459 2946 672 2984 naturaliter
689 2945 833 2994 priores
856 2943 1096 2992 passionibus
1129 2954 1289 2991 quarum
1318 2941 1422 2978 obie-

365 3008 466 3037 ctum
483 3007 537 3037 est
555 3000 710 3045 malum,
732 2997 870 3034 scilicet
889 2996 1044 3033 audacia
1069 3003 1104 3032 et
1119 2995 1267 3032 timore.
1298 2996 1351 3031 Ita
1369 3002 1422 3030 ta-

1475 584 1566 609 men
1585 573 1690 620 quod
1717 585 1803 621 spes
1824 582 1879 611 est
1900 576 2004 624 prior
2023 577 2302 627 desperatione:
2330 580 2420 629 quia
2448 593 2534 628 spes

1477 632 1531 660 est
1567 633 1694 662 motus
1721 625 1760 663 in
1789 627 1933 665 bonum
1969 631 2180 668 secundum
2214 633 2397 669 rationem
2427 633 2533 680 boni,

1476 677 1581 724 quod
1601 678 1648 714 de
1668 690 1736 715 sua
1756 679 1899 716 ratione
1919 690 1975 718 est
1993 683 2230 721 attractivurn
2249 684 2284 731 β,
2315 693 2351 722 et
2369 685 2455 722 ideo
2482 693 2536 722 est

1475 738 1602 766 motus
1621 730 1659 767 in
1679 732 1825 768 bonum
1845 744 1912 780 per
1939 746 1995 779 se;
2017 735 2228 783 desperatio
2257 745 2385 774 autem
2406 746 2460 775 est
2480 750 2535 774 re-

1476 794 1603 819 cessus
1623 795 1645 819 a
1665 783 1781 830 bono,
1812 784 1876 832 qui
1895 797 1974 822 non
1994 789 2173 836 competit
2192 790 2295 826 bono
2323 793 2534 828 secundum

1475 835 1579 883 quod
1608 843 1662 872 est
1699 837 1863 883 bonum,
1894 838 1961 874 sed
1995 842 2206 878 secundum
2239 843 2379 891 aliquid
2407 844 2530 891 aliud,

1474 888 1576 924 unde
1611 896 1664 925 est
1692 889 1796 937 quasi
1832 901 1900 937 per
1928 889 2114 927 accidens.
2136 893 2185 929 Et
2212 895 2347 932 eadem
2377 896 2532 943 ratione,

1473 940 1597 987 timor,
1628 953 1715 977 cum
1736 942 1781 978 sit
1809 954 1978 979 recessus
2007 955 2028 979 a
2058 944 2171 991 malo,
2201 954 2258 982 est
2282 948 2386 995 prior
2418 961 2534 997 quam

1474 993 1643 1029 audacia.
1661 1015 1683 1020 -
1702 994 1815 1040 Quod
1836 1003 1964 1031 autem
1984 1007 2070 1044 spes
2090 1004 2126 1032 et
2146 998 2357 1046 desperatio
2378 1000 2450 1038 sint
2469 1014 2534 1038 na-

1474 1045 1639 1081 turaliter
1665 1046 1811 1094 priores
1839 1059 1955 1094 quam
1983 1049 2098 1085 timor
2127 1057 2162 1085 et
2189 1051 2357 1098 audacia;
2388 1065 2432 1090 ex
2459 1054 2535 1090 hoc

1476 1097 1716 1134 manifestum
1738 1106 1803 1146 est,
1821 1100 1936 1147 quod,
1951 1100 2045 1136 sicut
2063 1101 2249 1150 appetitus
2265 1104 2356 1140 boni
2371 1113 2426 1142 est
2440 1106 2533 1143 ratio

1476 1161 1592 1197 quare
1610 1150 1747 1187 vitetur
1766 1152 1923 1199 malum,
1944 1152 1994 1188 ita
2015 1153 2127 1190 etiam
2148 1167 2234 1204 spes
2258 1163 2295 1192 et
2322 1156 2533 1206 desperatio

1474 1209 1560 1238 sunt
1579 1203 1672 1239 ratio
1698 1203 1841 1240 timoris
1861 1211 1897 1241 et
1920 1205 2121 1242 audaciae:
2151 1219 2241 1244 nam
2261 1208 2419 1246 audacia
2445 1222 2534 1247 con-

1473 1255 1641 1304 sequitur
1664 1268 1772 1304 spem
1794 1256 1988 1305 victoriae,
2016 1265 2052 1295 et
2069 1258 2184 1296 timor
2208 1261 2451 1310 consequitur
2470 1263 2535 1299 de—

1474 1308 1727 1356 sperationem
1747 1309 1925 1347 vincendi
1939 1309 1969 1347 ³¹⁶.
1990 1312 2048 1347 Ira
2067 1313 2194 1348 autern
2208 1314 2455 1362 consequitur
2470 1327 2534 1351 au-

1474 1360 1638 1397 daciam:
1659 1362 1781 1398 nullus
1802 1362 1904 1399 enim
1923 1363 2093 1400 irascitur
2106 1364 2315 1402 vindictam
2336 1374 2529 1415 appetens,

1473 1412 1543 1449 nisi
1562 1414 1700 1450 audeat
1718 1415 1911 1453 vindicare
1930 1415 1960 1462 ³⁸,
1982 1417 2192 1454 secundum
2212 1419 2317 1467 quod
2336 1419 2534 1457 Avicenna

1473 1465 1571 1512 dicit,
1601 1466 1638 1502 in
1667 1467 1779 1503 Sexto
1807 1468 1852 1504 de
1878 1468 2128 1506 Naturalibus
2146 1469 2177 1507 ²⁸.

1527 1518 1589 1555 Sic
1609 1531 1697 1566 ergo
1713 1527 1815 1567 patet
1838 1520 1943 1569 quod
1964 1533 2050 1569 spes
2071 1529 2126 1558 est
2143 1522 2267 1570 prima
2286 1523 2382 1560 inter
2398 1536 2533 1561 omnes

1472 1571 1668 1619 passiones
1687 1572 1893 1609 irascibilis.
1906 1594 1929 1599 -
1947 1574 1994 1610 Et
2012 1573 2042 1609 si
2063 1574 2236 1611 ordinem
2257 1576 2429 1612 omnium
2447 1589 2533 1624 pas-

1473 1623 1625 1660 sionum
1654 1625 1865 1662 secundum
1893 1625 1997 1662 viam
2026 1627 2287 1675 generationis,
2321 1628 2414 1664 scire
2441 1628 2534 1665 veli-

1473 1688 1569 1723 mus,
1598 1676 1723 1725 primo
1753 1686 1955 1714 occurrunt
1973 1690 2081 1715 amor
2109 1686 2146 1716 et
2173 1680 2320 1726 odium;
2350 1681 2532 1730 secundo,

1472 1728 1703 1766 desiderium
1741 1738 1776 1766 et
1812 1728 1914 1778 fuga;
1950 1731 2076 1780 tertio,
2107 1734 2201 1780 spes'
2229 1741 2264 1770 et
2298 1733 2530 1782 desperati03

1473 1789 1619 1828 quarto,
1649 1782 1761 1819 timor
1778 1782 1798 1804 ³⁸
1827 1791 1863 1820 et
1889 1783 2068 1830 audacia;
2099 1785 2243 1833 quinto,
2272 1785 2343 1832 ira;
2373 1794 2478 1823 sexto
2497 1793 2534 1824 et

1471 1834 1615 1881 ultimo,
1644 1835 1825 1882 gaudium
1847 1843 1882 1872 et
1900 1836 2044 1873 tristitia
2061 1836 2098 1884 ²¹⁸,
2128 1850 2226 1885 quae
2250 1846 2535 1887 consequuntur

1474 1887 1522 1923 ad
1541 1899 1677 1925 omnes
1704 1888 1911 1936 passiones,
1938 1897 1977 1925 ut
2006 1889 2140 1926 dicitur
2165 1890 2204 1927 in
2233 1892 2265 1927 ΙΙ
2290 1892 2410 1928 Ethic.
2433 1892 2453 1913 *
2480 1893 2534 1928 Ita

1473 1946 1601 1975 tamen
1627 1941 1736 1987 quod
1769 1953 1888 1977 amor.
1907 1949 1962 1978 est
1983 1942 2088 1990 prior
2115 1943 2217 1990 odio,
2244 1950 2281 1980 et
2304 1944 2534 1982 desiderium

1474 1991 1576 2038 fuga,
1608 2000 1643 2028 et
1671 2004 1756 2040 spes
1785 1993 2063 2042 desperatione,
2095 2002 2130 2031 et
2152 1995 2267 2032 timor
2294 1996 2469 2043 audacia,
2499 2003 2535 2034 et

1475 2044 1657 2091 gaudium
1686 2057 1803 2093 quam
1832 2046 1985 2093 tristitia,
2015 2054 2057 2083 ut
2076 2059 2121 2084 ex
2147 2048 2347 2096 praedictis
2366 2049 2386 2071 *
2414 2048 2536 2097 colligi

1473 2104 1608 2145 potest.

1526 2152 1586 2187 AD
1614 2161 1751 2187 PRlMUM
1778 2162 1876 2188 ERGO
1900 2163 2083 2190 DICENDUM
2112 2154 2227 2200 quod,
2249 2153 2336 2202 quia
2365 2153 2420 2191 ira
2448 2165 2534 2191 cau-

1473 2210 1575 2239 satur
1604 2215 1648 2240 ex
1677 2203 1755 2239 aliis
1782 2203 2024 2252 passionibus
2057 2204 2151 2242 sicut
2178 2205 2334 2243 effectus
2363 2219 2385 2243 a
2413 2206 2535 2244 causis

1472 2255 1806 2303 praecedentibus,
1836 2256 1923 2293 ideo
1953 2258 2000 2294 ab
2031 2270 2090 2304 ea,
2120 2265 2301 2306 tanquam
2330 2271 2353 2296 a
2379 2259 2535 2296 manife-

1473 2307 1592 2354 stiori,
1623 2308 1889 2345 denominatur
1917 2310 2095 2358 potentia.

1526 2361 1585 2396 Au
1613 2372 1803 2397 SECUNDUM
1831 2373 2014 2398 mcENDuM
2043 2363 2148 2411 quod
2175 2362 2339 2400 arduum
2372 2375 2451 2400 non
2479 2371 2535 2401 est

1474 2413 1566 2449 ratio
1591 2413 1798 2450 accedendi
1815 2414 1877 2450 vel
1897 2414 2112 2462 appetendi,
2143 2414 2211 2451 sed
2228 2415 2354 2463 potius
2374 2416 2532 2454 bonum.

1473 2466 1522 2502 Et
1549 2465 1636 2502 ideo
1664 2478 1763 2514 spes,
1784 2478 1882 2514 quae
1911 2466 2085 2504 directius
2113 2467 2260 2516 respicit
2287 2468 2450 2515 bonum,
2480 2476 2535 2506 est

1473 2519 1591 2567 prior:
1614 2518 1789 2565 quamvis
1809 2519 1967 2556 audacia
1987 2520 2192 2568 aliquando
2213 2520 2258 2557 sit
2275 2520 2314 2558 in
2338 2521 2457 2569 magis
2477 2534 2535 2558 ar-

1475 2571 1606 2618 duum,
1635 2571 1696 2608 vel
1726 2570 1839 2608 etiam
1866 2571 1930 2608 ira.

1527 2626 1586 2660 AD
1605 2635 1764 2660 TERTmM
1788 2635 1972 2662 DicENDUM
1999 2625 2104 2673 quod
2132 2625 2318 2674 appetitus
2346 2626 2471 2674 primo
2501 2634 2538 2663 et

1476 2689 1544 2725 per
1578 2689 1617 2713 se
1651 2683 1830 2712 movetur
1866 2676 1904 2713 in
1942 2677 2105 2724 bonum,
2136 2678 2231 2714 sicut
2265 2677 2305 2714 in
2339 2679 2536 2727 proprium

1478 2729 1686 2774 obiectum;
1709 2737 1744 2765 et
1760 2741 1804 2765 ex
1818 2729 1892 2765 hoc
1908 2737 2083 2766 causatur
2097 2731 2201 2779 quod
2215 2731 2368 2768 recedat
2383 2743 2406 2768 a
2419 2732 2536 2769 malo.

1476 2781 1791 2831 Proportionatur
1806 2781 1908 2818 enim
1923 2790 2050 2819 motus
2065 2783 2292 2832 appetitivae
2312 2784 2438 2832 partiS‚
2459 2796 2538 2822 non

1478 2834 1635 2882 quidem
1673 2834 1794 2871 motui
1822 2835 2003 2882 naturali,
2034 2836 2102 2872 sed
2133 2836 2330 2874 intentioni
2359 2844 2538 2884 naturae3

1479 2899 1576 2936 quae
1601 2900 1669 2935 per
1687 2887 1790 2935 prius
1814 2887 1973 2924 intendit
1995 2888 2114 2925 finem
2143 2901 2259 2938 quam
2284 2889 2537 2926 remotionem

1479 2940 1665 2986 contrarii,
1686 2952 1782 2988 quae
1803 2952 1881 2977 non
1900 2941 2091 2988 quaeritur
2109 2941 2178 2978 nisi
2196 2949 2351 2991 propter
2370 2942 2537 2992 adeptio-

1477 3005 1567 3029 nem
1594 2993 1692 3030 finis.

420 3114 446 3145 α)
461 3113 548 3144 prior.
566 3126 584 3130 -
598 3112 691 3144 potior
709 3111 736 3135 P.

1533 3107 1557 3141 β)
1573 3112 1612 3134 est
1624 3109 1806 3133 attractivum.
1818 3123 1836 3127 -
1850 3112 1890 3134 est
1901 3109 2090 3134 arbitrativum
2101 3109 2256 3139 ABCDFGI,
2266 3112 2306 3134 est
2319 3110 2494 3136 arbitrarium
2507 3111 2536 3140 L.

1479 3151 1529 3168 non
1551 3148 1590 3168 est
1607 3144 1722 3168 arduum
1741 3143 1772 3168 Κ.

1039 3232 1370 3265 Commentaria
1393 3231 1643 3265 Gardinalis
1665 3231 1866 3265 Caietam

399 3333 418 3352 N
440 3320 573 3357 articulo
596 3319 687 3350 tertio
708 3319 848 3349 eiusdem
872 3319 1076 3359 quaestionis,
1100 3319 1133 3349 in
1158 3318 1363 3359 responsione
1388 3318 1427 3347 ad

372 3335 583 3400 Isecundum,
609 3363 743 3394 dubium
767 3363 902 3393 occurrit
918 3363 957 3392 ad
976 3363 1150 3393 hominem.
1176 3363 1259 3399 Quia
1275 3362 1342 3402 ipse
1361 3364 1427 3391 Au-

371 3417 437 3440 ctor
452 3409 605 3449 superius,
618 3408 651 3437 in
665 3418 718 3448 qu.
734 3417 816 3443 xxm,
830 3413 884 3437 art.
901 3416 929 3442 2,
945 3417 1087 3446 expresse
1102 3407 1170 3437 vult
1187 3407 1276 3447 quod
1290 3406 1428 3436 arduum

371 3454 462 3483 habet
479 3453 632 3482 rationem
651 3457 685 3482 ut
701 3452 732 3481 in
750 3452 851 3491 ipsum
875 3451 1036 3488 tendatur,
1057 3456 1087 3480 et
1107 3452 1153 3481 sic
1171 3451 1308 3481 audacia
1331 3450 1430 3480 tendit

372 3499 403 3527 in
429 3499 548 3536 ipsum:
570 3496 620 3526 hic
644 3505 718 3525 vero
734 3495 826 3525 docet
841 3494 1036 3535 oppositum,
1062 3494 1167 3524 dicens
1185 3494 1274 3534 quod
1290 3494 1427 3524 arduum

373 3551 434 3570 non
453 3546 498 3571 est
514 3541 596 3570 ratio
608 3539 777 3570 accedendi
789 3539 839 3570 vel
853 3538 1030 3579 appetendi,
1052 3543 1081 3568 et
1099 3538 1167 3568 ideo
1183 3547 1254 3577 spes
1270 3543 1316 3568 est
1322 3539 1426 3577 prior.

1538 3319 1589 3348 Ad
1608 3318 1669 3348 hoc
1688 3318 1801 3349 dicitur
1816 3318 1913 3359 quod,
1931 3318 2005 3358 quia
2022 3318 2182 3349 obiectum
2196 3318 2356 3350 irascibilis
2372 3325 2418 3350 est
2432 3325 2538 3349 totum

1484 3369 1699 3398 contractum,
1725 3362 1842 3393 scilicet
1864 3363 1987 3392 bonum
2016 3363 2151 3392 arduum
2179 3369 2209 3393 et
2236 3363 2358 3393 malum
2385 3362 2536 3398 arduum;

1484 3413 1513 3436 et
1536 3406 1649 3436 harum
1673 3407 1808 3437 duarum
1827 3405 1996 3442 rationum,
2021 3406 2138 3437 scilicet
2153 3406 2302 3437 bonitatis
2316 3413 2347 3436 et
2366 3405 2535 3442 arduitatis,

1484 3450 1582 3489 magis
1610 3451 1703 3480 habet
1726 3450 1881 3480 rationem
1905 3450 2024 3480 tractivi
2053 3450 2176 3480 bonitas
2199 3460 2297 3491 quam
2324 3449 2478 3486 arduitas,
2503 3457 2539 3480 ut

1484 3494 1522 3523 de
1539 3504 1571 3524 se
1587 3501 1684 3534 patet:
1705 3494 1776 3524 ideo
1793 3493 1825 3524 in
1842 3493 1942 3524 littera
1962 3504 2027 3524 non
2047 3494 2236 3534 simpliciter,
2257 3493 2311 3523 sed
2327 3493 2537 3533 comparative

1483 3538 1752 3578 interpretandum
1773 3544 1819 3568 est
1842 3538 1930 3578 quod
1954 3538 2090 3568 arduum
2110 3547 2176 3568 non
2198 3544 2243 3568 est
2261 3537 2339 3567 ratio
2359 3537 2538 3568 accedendi.

2560 1328 2572 1339 ⁴
2580 1327 2608 1349 D·
2614 1333 2661 1356 ²57,
2669 1328 2774 1357 455,45⁶·

2562 1428 2571 1437 '¹
2585 1427 2614 1449 D.
2628 1427 2677 1455 258.

2561 1481 2569 1489 ·
2585 1479 2624 1501 Al.
2635 1478 2669 1501 vde
2681 1479 2772 1506 Anima,

2560 1509 2619 1533 part.
2630 1505 2671 1533 1v,
2680 1511 2732 1534 οιρ.
2739 1512 2771 1528 vi.

2558 1797 2571 1809 ⁴
2585 1796 2615 1819 D.
2629 1797 2679 1825 256.

2561 1850 2570 1859 ·
2587 1849 2615 1871 D·
2629 1854 2684 1878 979·

2560 1897 2572 1908 ⁸
2588 1896 2620 1918 Ca
2639 1903 2676 1923 .v.
2691 1903 2773 1919 ma.-

2639 1923 2750 1945 .lect.v.

2563 2054 2572 2063 ”
2590 2053 2617 2075 In
2630 2053 2676 2075 isto
2694 2056 2736 2075 nrt.
2750 2056 2773 2075 et

2562 2079 2759 2107 prneoedentibun.
