2852 4152
421 244 494 279 ¹04

422 311 455 340 in
469 310 819 350 argumento.‚1ntendit
835 311 919 341 enim
942 312 1040 352 quod,
1058 312 1183 342 duobus
1206 311 1389 352 aequalibus
1404 321 1477 352 pro-

420 354 532 394 positis
551 354 726 384 secundum
741 354 879 395 aliquam
896 355 1120 391 conditionem,
1137 355 1283 385 voluntas
1298 363 1365 384 non
1380 360 1475 384 arcte-

418 405 470 428 tur
488 398 527 428 ad
543 398 782 434 neutralitatem,
803 399 857 428 sed
880 405 985 438 potest
1000 400 1039 428 ad
1063 398 1320 429 considerandam
1336 397 1475 438 aliquam

419 441 624 472 eminentiam
646 442 679 471 in
703 442 800 472 altero
824 451 960 478 movere,
978 448 1017 478 et,
1034 442 1159 472 inventa
1180 441 1230 471 vel
1249 440 1402 480 apposita,
1420 440 1474 470 eli-

418 494 489 524 gere
504 485 646 516 alterum.
664 485 705 516 Et
727 485 836 515 eadem
860 486 990 521 ratione,
1008 485 1173 525 proposito
1188 483 1343 514 voluntati
1366 483 1473 523 aliquo

419 528 546 568 eligibili
569 528 767 559 eminentiori
792 529 869 565 aliis,
886 539 952 559 non
976 528 1176 558 necessitatur
1191 527 1337 556 voluntas
1356 526 1396 556 ad
1419 526 1471 556 eli-

418 572 557 611 gendum
584 572 676 602 illud:
702 572 776 612 quia
800 579 903 612 potest
933 581 1060 601 movere
1087 571 1127 600 ad
1155 569 1417 600 considerandum
1439 569 1471 599 in

417 615 514 646 altero
538 615 657 656 aliquid
686 615 771 646 aliud
799 625 864 656 quo
893 621 1040 655 praestet,
1065 621 1095 644 et
1118 613 1160 644 sic
1183 613 1261 644 illud
1285 613 1406 653 eligere.
1431 613 1472 644 Et

1099 234 1363 280 QUAESTIO
1393 235 1497 280 xm,

1526 232 1820 270 ARTICULUS
1849 231 1899 268 VI

1526 311 1604 342 haec
1625 310 1771 350 intellige,
1789 308 1956 349 supposito
1979 310 2068 349 quod
2090 309 2236 341 voluntas
2259 310 2333 341 velit
2356 311 2481 351 eligere:
2506 311 2580 341 sim-

1522 352 1646 394 ²pliciter
1668 363 1806 393 namque
1837 359 1867 383 et
1890 352 2032 383 absolute
2054 353 2202 384 voluntas
2226 363 2243 384 a
2267 360 2334 385 toto
2361 364 2474 394 genere
2498 355 2582 395 eligi-

1526 397 1637 428 bilium
1660 397 1757 427 libera
1780 403 1835 432 est,
1861 395 1900 425 ad
1923 395 2112 436 nullumque
2129 397 2301 427 necessario
2322 397 2498 429 inclinatur.
2519 398 2580 429 Sed

1525 440 1606 471 sicut
1629 442 1749 470 Auctor
1766 437 1876 479 primis
1899 438 2026 469 duobus
2042 439 2233 478 argumentis
2256 439 2431 470 libertatem
2446 441 2580 481 eligendi

1525 483 1632 523 quoad
1656 482 1836 513 exercitium
1864 488 1964 518 actus,
1988 482 2199 523 impugnavit;
2222 483 2266 514 ita
2288 483 2350 513 hoc
2372 484 2464 514 tertio
2487 494 2579 524 argu-

1525 533 1634 563 mento
1649 525 1823 557 libertatem
1839 526 1946 566 quoad
1962 522 2231 566 'specificationem
2253 533 2350 562 actus,
2372 526 2580 567 impugnavit.

1524 570 1564 600 Et
1587 576 1752 609 propterea
1775 579 1812 599 ex
1835 576 1921 609 parte
1945 570 2058 601 obiecti
2086 569 2229 610 eligibilis
2252 569 2445 601 solutionem
2464 569 2578 600 forma-

1522 613 1592 643 liter
1615 612 1709 650 dedit,
1733 619 1769 644 ut
1792 613 1840 644 sui
1863 613 1961 644 moris
1985 620 2040 645 est.
