2852 4152
242 1697 265 1713 n.
280 1697 323 1720 3.-

112 1690 124 1701 ⁴³
139 1690 172 1712 Ca
190 1706 195 1712 .
211 1697 228 1718 1,

112 1716 137 1738 S.
148 1696 193 1738 ΤΕ.
209 1717 260 1739 lect.
274 1724 289 1739 ι.

368 197 441 233 322

1042 202 1306 248 QUAESTIO
1337 204 1384 250 L,
1413 203 1708 240 ARTICULUS
1735 204 1781 250 V,
1811 204 1862 240 VI

1152 335 1467 377 ARTICULUS
1498 336 1753 388 QUINTUS

942 427 1097 458 UTRUM
1122 428 1163 457 IN
1188 427 1456 458 VOLUNTATE
1481 428 1547 459 sir
1570 429 1741 466 AL1QU1s
1765 430 1951 462 HABITUS

577 502 596 526 11
616 503 697 532 Sent„
717 504 776 528 dist.
794 512 869 533 xxvn,
890 509 936 529 art.
954 513 974 533 1,
995 505 1026 529 ad
1047 512 1074 535 2;
1095 505 1133 535 ΙΙΙ,
1154 504 1211 529 dist.
1231 512 1299 534 xxm,
1319 513 1363 537 qu.
1377 513 1399 534 1,
1419 510 1466 530 art.
1485 514 1510 537 ις
1531 506 1572 531 De
1595 506 1684 537 Ver-it.y
1704 515 1749 540 qu.
1767 515 1811 537 xx.
1831 513 1877 533 art.
1898 516 1928 540 2?
1948 509 1989 535 De
2011 510 2116 541 Virtut„
2136 519 2180 544 qu.
2193 519 2215 543 1,
2235 517 2281 537 art.
2300 520 2321 537 1.

393 603 514 638 ,ΙΙΙ-ιιι]

416 612 437 622 κ
479 620 509 637 ,l
571 601 593 626 D
614 601 775 632 QU1NTUM
795 602 847 627 Sic
868 602 1104 627 PROCEDITUR.
1135 591 1292 628 Videtur
1312 592 1417 640 quod

392 624 545 699 ἢνῗὲιή
572 642 609 678 in
629 643 822 679 voluntate
842 655 919 679 non
940 643 986 678 sit
1004 642 1137 690 aliquis
1157 643 1317 680 habitus.
1340 645 1417 681 Ha-

377 683 427 741 ’,Ν
478 715 489 721 f
507 680 669 730 ’.Μῖυε
699 694 799 730 enim
828 694 892 742 qui
920 695 959 730 in
987 694 1176 732 intellectu
1205 704 1260 733 est
1276 702 1305 744 α,
1331 705 1417 734 sunt

449 748 470 759 ’Υ
527 739 715 794 &species
757 747 1028 794 intelligibiles,
1072 747 1209 796 quibus
1251 749 1418 797 intelligit

360 805 457 835 actu.
489 799 564 835 Sed
589 799 764 835 voluntas
783 811 861 835 non
882 807 1060 847 operatur
1078 812 1148 848 per
1167 801 1311 850 aliquas
1333 815 1416 851 spe-

359 850 444 887 cies.
475 852 575 898 Ergo
603 851 780 887 voluntas
813 864 892 888 non
922 859 977 888 est
1010 853 1223 890 subiectum
1260 855 1416 892 alicuius

358 902 519 939 habitus.

361 961 364 965 ’
412 967 445 991 2.
475 954 714 1002 PRAETEREA,
741 955 779 992 in
803 956 992 993 intellectu
1012 966 1146 1005 agente
1167 971 1245 996 non
1264 960 1416 1007 ponitur

357 1007 488 1055 aliquis
515 1007 676 1054 habitus,
707 1008 802 1045 sicut
829 1009 867 1045 in
895 1009 1085 1047 intellectu
1111 1012 1297 1060 possibili,
1327 1013 1416 1060 quia

358 1067 412 1096 est
438 1060 606 1107 potentia
629 1060 763 1097 activa.
795 1062 872 1098 Sed
891 1064 1067 1100 voluntas
1089 1072 1143 1100 est
1163 1065 1327 1101 maxime
1348 1077 1416 1113 po-

356 1112 470 1148 tentia
490 1112 629 1149 activa:
651 1113 740 1161 quia
759 1122 893 1151 movet
907 1127 1043 1152 omnes
1057 1117 1245 1164 potentias
1261 1118 1309 1154 ad
1325 1130 1415 1154 suos

115 1173 326 1202 *Qu-1¹,art-1.
356 1172 480 1211 actus,
509 1173 551 1201 ut
578 1178 692 1214 supra
711 1167 731 1187 *
759 1166 902 1204 dictum
932 1176 998 1204 est.
1029 1169 1131 1216 Ergo
1161 1170 1198 1205 in
1227 1170 1309 1218 ipsa
1336 1183 1415 1207 non

357 1225 411 1254 est
438 1217 572 1266 aliquis
600 1219 761 1256 habitus.

410 1271 443 1307 3.
473 1271 709 1318 PRAETEREA,
740 1274 778 1308 in
805 1273 982 1321 potentiis
1002 1274 1232 1311 naturalibus
1260 1287 1338 1312 non
1359 1283 1415 1313 est

355 1323 487 1371 aliquis
505 1323 667 1371 habitus,
685 1324 773 1372 quia
795 1337 838 1361 ex
858 1338 926 1362 sua
946 1334 1080 1363 natura
1099 1335 1184 1364 sunt
1204 1328 1252 1364 ad
1273 1328 1412 1376 aliquid

355 1376 635 1413 determinatae.
667 1377 744 1414 Sed
771 1378 948 1419 voluntas
978 1392 1022 1416 ex
1051 1392 1120 1417 sua
1151 1388 1284 1417 natura
1313 1381 1412 1418 ordi-

354 1436 463 1465 natur
491 1430 539 1466 ad
567 1430 641 1466 hoc
670 1430 776 1478 quod
803 1431 932 1468 tendat
959 1431 998 1468 in
1027 1433 1174 1470 bonum
1195 1433 1412 1471 ordinatum

355 1481 510 1518 ratione.
532 1483 634 1529 Ergo
655 1482 692 1519 in
711 1484 907 1520 voluntate
927 1497 1007 1522 non
1022 1493 1078 1522 est
1097 1486 1231 1534 aliquis
1250 1486 1411 1524 habitus.

407 1535 480 1571 SED
509 1547 656 1572 CONTRA
683 1547 749 1572 EST
777 1537 881 1584 quod
911 1537 1046 1574 iustitia
1071 1547 1126 1575 est
1153 1539 1303 1576 habitus
1331 1540 1412 1588 qui-

354 1587 455 1625 dam.
473 1588 550 1624 Sed
565 1588 703 1625 iustitia
722 1596 778 1626 est
797 1590 834 1626 in
849 1591 1044 1627 voluntate
1060 1589 1092 1628 βε
1115 1600 1170 1629 est
1190 1592 1291 1629 enim
1311 1592 1412 1629 iusti-

353 1640 402 1676 tia
416 1641 562 1677 habitus
577 1641 781 1678 secundum
796 1654 906 1691 quem
921 1643 1039 1692 aliqui
1052 1645 1184 1681 volunt
1201 1651 1237 1681 et
1254 1657 1411 1693 operan-

353 1699 413 1729 tur
441 1694 553 1740 iusta,
574 1701 615 1730 ut
643 1693 776 1731 dicitur
803 1695 840 1732 in
868 1696 904 1732 V
929 1697 1049 1734 Ethic.
1074 1697 1094 1719 'l‘
1114 1698 1215 1745 Ergo
1235 1699 1411 1735 voluntas

354 1754 408 1783 est
437 1747 650 1783 subiectum
679 1748 834 1785 alicuius
862 1749 1023 1786 habitus.

406 1800 629 1836 RESPONDEO
650 1811 833 1838 DICENDUM
860 1802 964 1849 quod
985 1802 1108 1839 omnis
1128 1802 1296 1850 potentia
1312 1815 1410 1850 quae

352 1851 607 1888 diversimode
636 1860 760 1900 potest
789 1854 952 1890 ordinari
977 1855 1026 1891 ad
1046 1855 1250 1902 agendum,
1271 1855 1412 1902 indiget

349 1904 481 1941 habitu
510 1917 585 1952 quo
612 1906 709 1941 bene
729 1905 951 1954 disponatur
971 1907 1020 1943 ad
1040 1919 1153 1943 suum
1174 1915 1313 1944 actum.
1334 1908 1412 1944 Vo-

349 1958 473 1994 luntas
492 1965 637 2004 autem,
655 1970 742 1994 cum
763 1958 809 1995 sit
827 1959 997 2007 potentia
1021 1960 1225 2007 rationalis,
1256 1960 1412 1997 diversi-

350 2010 464 2047 mode
479 2017 603 2058 potest
617 2010 666 2047 ad
686 2011 878 2057 agendum
897 2012 1073 2049 ordinari.
1091 2013 1140 2049 Et
1154 2013 1241 2050 ideo
1262 2021 1412 2062 oportet

349 2062 387 2099 in
413 2064 608 2100 voluntate
638 2064 804 2112 aliquem
833 2065 1007 2102 habitum
1035 2077 1192 2114 ponere,
1214 2079 1291 2115 quo
1312 2067 1411 2102 bene

350 2117 572 2165 disponatur
599 2117 648 2153 ad
676 2129 789 2154 suum
819 2125 957 2154 actum.
979 2139 1003 2146 -
1025 2119 1082 2155 Ex
1111 2118 1193 2167 ipsa
1222 2119 1336 2156 etiam
1357 2131 1414 2156 ra-

1472 593 1632 642 cipalem
1666 594 1841 632 ordinem
1873 596 1923 633 ad
1949 598 2204 646 voluntatem,
2238 607 2351 648 prout
2383 597 2534 636 habitus

1472 654 1526 682 est
1554 658 1627 694 quo
1656 648 1738 694 quis
1766 648 1880 684 utitur
1906 661 1992 686 cum
2019 651 2196 698 voluerit,
2226 661 2268 688 ut
2294 664 2410 700 supra
2431 651 2451 673 ²⁸
2480 651 2534 688 di·
2562 654 2676 695 ‘'cnm.
2692 662 2708 683 ι,
2724 663 2772 685 πε-

1472 706 1573 735 ctum
1602 707 1668 736 est.
2561 687 2776 756 {ffi-fflffffi'·

1524 754 1582 788 AD
1603 763 1739 789 ptumum
1759 763 1856 789 ERGO
1877 764 2062 791 mCENDUM
2081 756 2199 802 quod,
2219 756 2314 793 sicut
2332 757 2371 793 in
2390 756 2533 793 intelle·
2603 750 2609 756 ’

1472 812 1532 840 ctu
1554 812 1609 841 est
1631 804 1757 853 aliqua
1785 805 1930 853 species
1954 818 2052 854 quae
2078 815 2133 844 est
2156 807 2359 846 similitudo
2380 809 2530 856 obiecti,

1470 856 1520 893 ita
1548 865 1698 906 oportet
1723 857 1759 894 in
1787 858 1994 905 voluntate,
2017 866 2052 895 et
2070 859 2108 896 in
2128 860 2295 908 qualibet
2320 861 2360 898 vi
2388 861 2530 910 appeti-

1470 909 1559 956 tiva,
1576 904 1658 946 esse
1674 910 1813 958 aliquid
1829 923 1906 958 quo
1922 911 2120 948 inclinetur
2134 911 2172 948 in
2188 924 2300 950 suurn
2317 913 2528 951 obiectum:

1471 974 1558 998 cum
1583 962 1674 998 nihil
1693 962 1794 999 aliud
1814 964 1860 999 sit
1878 971 1983 1000 actus
2003 964 2231 1012 appetitivae
2249 965 2394 1002 virtutis
2412 978 2530 1014 quam

1470 1014 1660 1051 inclinatio
1688 1015 1892 1062 quaedam,
1921 1024 1964 1052 ut
1986 1029 2100 1064 supra
2114 1016 2135 1038 '¹‘
2154 1017 2297 1054 dictum
2318 1026 2383 1055 est.
2403 1019 2464 1056 Ad
2485 1030 2529 1056 ea
2557 1028 2567 1039 ·
2584 1028 2675 1056 Ωιι-π,
2688 1031 2730 1050 m.
2744 1034 2770 1055 4·

1470 1079 1560 1114 ergo
1588 1066 1638 1103 ad
1666 1079 1765 1115 quae
1793 1068 2024 1105 sufficienter
2051 1069 2250 1106 inclinatur
2267 1081 2337 1118 per
2354 1078 2528 1107 naturam

1469 1119 1586 1167 ipsius
1613 1119 1818 1167 potentiae,
1847 1132 1926 1157 non
1954 1121 2095 1169 indiget
2123 1122 2250 1170 aliqua
2278 1122 2454 1171 qualitate
2472 1123 2528 1160 in-

1470 1172 1641 1208 clinante.
1669 1172 1745 1209 Sed
1774 1172 1863 1221 quia
1890 1173 2147 1211 necessarium
2177 1183 2233 1211 est
2251 1175 2300 1212 ad
2319 1175 2438 1212 finem
2457 1176 2528 1212 hu·

1469 1237 1607 1261 manae
1639 1224 1760 1271 vitae,
1795 1226 1900 1273 quod
1932 1226 1990 1263 vis
2023 1227 2230 1275 appetitiva
2261 1227 2460 1264 inclinetur
2490 1227 2529 1264 in

1468 1277 1610 1326 aliquid
1641 1277 1946 1325 determinatum,
1974 1280 2022 1316 ad
2043 1278 2148 1327 'quod
2169 1292 2248 1317 non
2267 1280 2464 1317 inclinatur
2482 1292 2529 1317 ex

1468 1338 1602 1367 natura
1629 1331 1833 1378 potentiae,
1859 1343 1956 1379 quae
1981 1344 2021 1368 se
2041 1333 2155 1369 habet
2183 1333 2232 1369 ad
2261 1334 2380 1369 multa
2409 1340 2446 1370 et
2474 1332 2529 1370 di-

1466 1395 1600 1428 versa;
1630 1383 1716 1420 ideo
1746 1395 1901 1420 necesse
1923 1391 1978 1421 est
2006 1386 2110 1432 quod
2139 1385 2176 1421 in
2205 1386 2412 1432 voluntate,
2433 1385 2527 1422 etin

1467 1435 1547 1472 aliis
1574 1435 1719 1472 viribus
1746 1436 1974 1485 appetitivis,
2003 1437 2076 1474 sint
2103 1438 2295 1486 quaedam
2330 1438 2527 1486 qualitates

1466 1488 1698 1535 inclinantes,
1729 1500 1826 1537 quae
1855 1489 2031 1526 dicuntur
2057 1491 2220 1528 habitus.

1518 1543 1578 1578 An
1606 1553 1796 1578 SECUNDUM
1824 1554 2009 1579 manDUM
2036 1543 2141 1591 quod
2169 1542 2378 1579 intellectus
2410 1555 2526 1590 agens

1467 1602 1522 1630 est
1550 1606 1665 1641 agens
1693 1601 1860 1640 tanturn,
1896 1602 1933 1630 et
1960 1595 2063 1631 nullo
2101 1595 2218 1631 modo
2252 1595 2410 1643 patiens.
2448 1595 2526 1632 Sed

1466 1647 1652 1692 voluntas,
1679 1653 1716 1682 et
1743 1646 1934 1693 quaelibet
1960 1646 2019 1683 vis
2043 1646 2260 1695 appetitiva,
2282 1654 2337 1683 est
2363 1659 2527 1684 movens
2654 1694 2658 1698 ι

1466 1706 1613 1735 motum
1629 1704 1656 1744 Υ,
1677 1706 1718 1734 ut
1737 1698 1870 1735 dicitur
1889 1699 1927 1735 in
1943 1700 1992 1734 111
2013 1699 2058 1735 de
2070 1699 2211 1736 Anima
2225 1699 2257 1736 ⁸.
2274 1700 2323 1736 Et
2341 1699 2428 1736 ideo
2448 1702 2527 1738 no'n
2555 1728 2564 1749 ‚
2629 1701 2669 1749 ,Υ
2687 1720 2767 1756 ⁸4·

1466 1759 1521 1788 est
1540 1750 1668 1787 similis
1688 1751 1782 1788 ratio
1799 1751 1847 1788 de
1865 1758 2044 1800 utroque:
2061 1763 2152 1788 nam
2173 1747 2254 1789 esse
2270 1752 2528 1802 susceptivum
2554 1725 2711 1777 θὴς-ὴ
2723 1757 2764 1775 ¹*-

1465 1803 1615 1840 habitus
1635 1803 1814 1840 convenit
1835 1804 1867 1840 ei
1887 1804 1993 1852 quod
2013 1812 2069 1841 est
2087 1805 2380 1853 quodammodo
2400 1804 2438 1842 in
2456 1817 2528 1854 po·

1466 1856 1592 1893 tentia.

1518 1911 1577 1945 At>
1609 1919 1770 1946 TER-num
1801 1921 1986 1947 menapum
2019 1909 2124 1959 quod
2155 1910 2333 1947 v‘oluntas
2366 1922 2412 1946 ex
2445 1910 2528 1959 ipsa

1467 1969 1600 1998 natura
1617 1961 1808 2010 potentiae
1828 1961 2024 1999 inclinatur
2043 1962 2081 1999 in
2100 1963 2248 2000 bonum
2268 1962 2433 2000 rationis.
2450 1963 2528 2000 Sed

1467 2014 1556 2062 quia
1581 2014 1658 2050 hoc
1686 2015 1832 2051 bonum
1861 2015 2114 2064 multipliciter
2141 2015 2432 2063 diversificatur,
2462 2027 2529 2053 ne-

1468 2066 1675 2104 cessarium
1695 2075 1751 2103 est
1769 2075 1811 2104 ut
1825 2067 1874 2104 ad
1893 2068 2048 2116 aliquod
2067 2067 2362 2105 determinatum
2381 2069 2528 2106 bonum

1469 2119 1622 2156 rationis
1650 2121 1827 2157 voluntas
1850 2133 1919 2169 per
1938 2120 2104 2169 aliquem
2123 2121 2296 2158 habitum
2318 2121 2527 2169 inclinetur,

348 2169 450 2206 tione
478 2169 628 2206 habitus
657 2178 812 2219 apparet
840 2170 945 2219 quod
964 2171 1079 2208 habet
1100 2172 1294 2220 quendam
1313 2172 1414 2220 prin·
1439 2169 1444 2223 Ι
1470 2172 1520 2209 ad
1547 2173 1622 2209 hoc
1650 2173 1756 2220 quod
1784 2181 1963 2222 sequatur
1989 2173 2202 2223 promptior
2229 2173 2412 2222 operatio.

403 2291 430 2325 α)
450 2295 498 2317 est.
516 2305 535 2311 ·-
552 2295 615 2316 sunt
632 2291 708 2316 EFK.

402 2325 428 2361 β)
443 2327 587 2352 voluntate.
601 2341 618 2345 —
633 2328 769 2352 voluntate
789 2327 893 2352 ratione
906 2326 1053 2360 AGLpBH,
1069 2329 1206 2354 voluntate
1220 2333 1246 2354 et
1259 2330 1363 2354 ratione
1377 2330 1412 2360 E,

350 2363 493 2387 voluntatis
511 2362 617 2387 ratione
635 2362 667 2387 Κ.
685 2376 703 2380 -
721 2363 783 2386 Post
801 2362 914 2392 habitus,
935 2363 973 2387 Pa
992 2363 1089 2388 addunt
1107 2364 1224 2396 quidam.

1519 2295 1545 2328 γ)
1566 2298 1674 2320 motum.
1692 2309 1710 2314 -
1729 2299 1756 2320 et
1774 2299 1875 2320 motum
1893 2296 1939 2320 Pa.

1029 2440 1359 2474 Commentaria
1382 2440 1632 2474 Cardinans
1654 2441 1854 2475 Caietam

381 2529 400 2548 N
423 2518 554 2549 articulo
583 2518 696 2558 quinto
726 2518 867 2548 eiusdem
891 2518 1085 2559 quaestionis
1115 2519 1409 2560 quinquagesimae,

354 2531 506 2593 Iadverte
530 2563 618 2603 quod
642 2572 678 2592 ex
701 2562 908 2602 responsione
927 2563 967 2592 ad
987 2563 1129 2602 primurn
1146 2570 1176 2593 et
1190 2563 1329 2600 tertium,
1348 2563 1411 2594 col-

349 2607 455 2646 ligitur
478 2607 599 2637 diversa
622 2606 701 2636 ratio
725 2606 917 2636 necessitatis
941 2606 1067 2637 habitus
1090 2607 1123 2637 in
1146 2607 1305 2638 intellectu
1330 2608 1411 2638 etin

349 2651 521 2687 voluntate,
546 2657 689 2691 respectu
715 2650 915 2681 naturalium.
941 2651 1025 2680 Nam
1048 2651 1085 2686 in
1104 2651 1264 2682 intellectu
1289 2658 1335 2682 est
1358 2662 1411 2682 ne-

351 2695 474 2725 cessitas
491 2695 685 2735 simpliciter:
703 2694 856 2735 quoniam
875 2694 935 2724 nisi
952 2694 1176 2725 determinetur
1192 2695 1297 2736 aliqua
1309 2696 1412 2736 specie

350 2739 553 2779 intelligibili,
583 2738 661 2769 nihil
684 2738 856 2778 intelligere
880 2745 994 2779 potest.
1021 2739 1056 2768 In
1079 2739 1242 2770 voluntate
1267 2749 1342 2770 vero
1367 2746 1413 2770 est

351 2783 516 2813 necessitas
540 2783 578 2813 ad
594 2784 673 2813 bene
697 2791 777 2812 esse:
803 2782 958 2823 quoniam
982 2783 1110 2813 nullum
1130 2790 1175 2814 est
1194 2784 1318 2814 bonum
1333 2783 1413 2814 infra

351 2827 492 2858 naturale
516 2827 677 2858 obiectum
706 2826 894 2863 voluntatis,
925 2827 1014 2867 quod
1042 2827 1190 2858 voluntas
1219 2837 1284 2858 non
1313 2828 1413 2868 possit

1466 2520 1559 2555 velle,
1584 2520 1656 2550 licet
1679 2530 1744 2550 non
1769 2520 1811 2551 ita
1834 2527 1992 2561 prompte,
2013 2521 2131 2561 absque
2147 2530 2351 2563 quacumque
2379 2521 2529 2564 qualitate

1468 2564 1677 2604 superaddita.
1701 2564 1742 2594 Et
1765 2563 1827 2594 hoc
1849 2564 2021 2595 insinuavit
2042 2564 2143 2595 littera
2162 2564 2282 2595 dicens:
2303 2566 2346 2596 ad
2367 2566 2427 2597 hoc
2445 2565 2530 2606 quod

1467 2613 1622 2648 sequatur
1644 2609 1826 2648 promptior
1849 2610 2001 2648 operatio.
2027 2626 2047 2631 -
2072 2609 2119 2639 De
2142 2609 2325 2640 necessitate
2349 2616 2457 2640 autern
2480 2619 2532 2640 su-

1468 2652 1718 2692 pernaturalium
1740 2652 1918 2688 habituum,
1942 2652 2072 2683 inferius
2091 2652 2109 2671 *
2132 2653 2263 2684 dicetur.
2557 2662 2568 2672 ·
2585 2661 2632 2690 Qu.
2651 2667 2712 2690 mx,
2727 2665 2769 2685 nrt.

1513 2696 1619 2726 Habes
1635 2706 1766 2737 quoque
1781 2695 1832 2727 hic
1849 2706 2002 2737 expresse,
2015 2695 2048 2727 in
2062 2697 2270 2737 responsione
2286 2697 2326 2728 ad
2341 2697 2528 2735 secundum,
2557 2693 2576 2716 ¹'
2589 2694 2610 2718 ³·

1469 2740 1559 2780 quod
1589 2740 1721 2780 quilibet
1750 2740 1908 2780 appetitus
1936 2747 1982 2771 est
2009 2750 2142 2771 movens
2172 2748 2202 2772 et
2231 2747 2339 2772 motus
2362 2741 2395 2772 in
2418 2751 2532 2782 genere

1470 2794 1582 2814 causae
1606 2783 1781 2820 efficientis,
1806 2791 1842 2815 ut
1864 2791 1950 2824 patet
1973 2784 2005 2815 in
2028 2784 2138 2816 littera.

1413 2912 1572 2920 m

1163 2980 1478 3022 ARTICULUS
1508 2980 1715 3022 SEXTUS

974 3071 1130 3103 UTRUM
1154 3072 1197 3102 IN
1221 3072 1404 3103 ANGEus
1428 3072 1494 3103 SIT
1518 3072 1689 3110 ALIQUIS
1714 3071 1900 3104 HAssrrus

1143 3151 1174 3176 111
1194 3151 1276 3181 Sent„
1297 3152 1355 3176 dist.
1373 3159 1424 3182 xxv,
1444 3155 1490 3176 art.
1509 3159 1530 3182 ι,
1549 3153 1596 3184 qu·
1613 3159 1636 3182 2,
1656 3152 1687 3177 ad
1710 3159 1733 3177 r.

1471 3240 1611 3277 divinis·
1633 3240 1882 3287 intellectibus,
1913 3239 2053 3276 scilicet
2080 3240 2234 3288 angelis,
2254 3252 2342 3288 esse,
2364 3246 2406 3277 ut
2428 3240 2534 3278 aliud

1471 3293 1508 3329 in
1537 3293 1612 3330 alio
1640 3293 1686 3330 sit
1711 3293 1806 3330 sicut
1832 3293 1869 3330 in
1897 3293 2078 3330 subiecto.-
2106 3293 2279 3331 accidens
2297 3293 2396 3330 enim
2420 3304 2532 3330 omne

384 3249 445 3295 ἢῆ»
482 3258 540 3303 A«
564 3251 587 3275 n
614 3250 755 3275 SEXTUM
783 3251 835 3275 sm
865 3251 1103 3277 PROCEDITUR.
1128 3239 1287 3278 Videtur
1311 3239 1416 3288 quod

378 3275 602 3349 &5⁸:3⁴
630 3291 771 3339 angelis
799 3303 876 3328 non
906 3292 978 3328 sint
1006 3290 1166 3329 habitus.
1193 3293 1293 3329 Dicit
1313 3292 1416 3329 enim

370 3332 533 3399 Ἀνξχῆ
565 3344 766 3390 Maximus,
789 3352 1067 3382 commentator
1095 3345 1280 3394 Dionysii,
1306 3346 1345 3382 in
1368 3358 1415 3382 vu

410 3369 499 3423 ἐφ
522 3386 647 3446 cap.
669 3398 714 3434 de
738 3397 837 3434 Cael.
858 3398 989 3434 Hier.:
1014 3399 1105 3435 Non
1127 3399 1300 3435 convenit
1316 3399 1416 3435 arbi-

354 3449 451 3485 trari
480 3449 630 3486 virtutes
650 3449 922 3496 intellectuales,
944 3450 1040 3487 idest
1068 3451 1291 3499 spirituales,
1312 3463 1418 3488 more

354 3501 611 3549 accidentium,
642 3503 956 3551 quemadmodum
986 3509 1021 3539 et
1048 3503 1084 3540 in
1115 3504 1219 3541 nobis
1246 3510 1349 3550 sunt,
1379 3505 1416 3541 in

1472 3346 1573 3382 illinc
1600 3345 1790 3394 repulsum
1818 3351 1881 3382 est.
1912 3346 1989 3382 Sed
2018 3345 2144 3383 omnis
2171 3345 2322 3384 habitus
2350 3353 2407 3383 est
2432 3345 2528 3382 acci-

1472 3399 1577 3435 dens.
1607 3400 1709 3446 Ergo
1738 3398 1777 3435 in
1805 3398 1945 3447 angelis
1973 3411 2052 3436 non
2081 3407 2168 3436 sunt
2194 3399 2355 3436 habitus.

1526 3464 1561 3488 2.
1587 3453 1819 3499 PRAETEREA,
1850 3451 1944 3488 sicut
1971 3451 2177 3500 Dionysius
2206 3451 2304 3499 dicit,
2325 3451 2363 3488 in
2391 3462 2426 3487 xv
2446 3462 2527 3499 cap.

1472 3505 1517 3541 de
1554 3505 1654 3542 Cael.
1688 3504 1798 3541 Hier.
1811 3533 1821 3550 ,
1850 3510 2001 3542 sanctae
2037 3505 2249 3541 caelestium
2285 3503 2528 3541 essentiarum
