2846 4146
1051 255 1315 301 QUAESTIO
1345 255 1447 301 LXI,
1476 254 1770 291 ARTICULUS
1799 254 1831 290 II

363 332 411 367 sit,
427 331 460 361 in
483 330 577 371 primi
600 330 721 373 articuli
743 330 836 361 titulo
861 331 915 361 ait:
935 331 1127 369 cardinales,
1143 341 1199 362 seu
1207 333 1413 372 principales.

365 374 515 406 Cardines
540 374 625 404 enim
638 374 826 405 sustinentes
842 375 970 411 ostium,
986 375 1139 415 principia
1153 382 1227 406 sunt
1242 375 1415 406 sustinendi

362 417 487 458 fixeque
500 417 643 448 versandi
666 417 748 448 ostii.
766 418 806 448 Et
825 418 898 448 inde
921 419 1090 449 cardinales
1105 419 1176 449 illae
1196 418 1343 449 dicuntur
1356 429 1414 455 res,

363 471 419 492 seu
443 461 617 502 dignitates,
632 471 714 502 quae
737 462 827 502 quasi
851 462 1005 493 sustinent
1022 462 1211 503 firmantque
1226 462 1310 498 alias,
1326 462 1415 503 quasi

363 515 459 545 super
482 515 533 536 eas
555 504 694 535 innixas:
718 505 807 545 quod
830 512 876 536 est
903 506 1115 546 principatum
1142 513 1256 537 tenere.
1280 506 1321 537 Et
1344 506 1416 536 inde

363 548 492 579 virtutes
514 548 584 579 illae
608 548 707 578 dictae
722 555 796 579 sunt
819 549 999 586 cardinales,
1019 559 1101 590 quae
1123 549 1296 580 virtuosam
1320 549 1417 580 vitam

363 592 527 628 sustinent,
542 599 574 622 et
595 601 690 631 super
704 602 783 632 quas
806 593 951 623 universa
965 593 1106 623 studiosa
1128 593 1191 624 vita
1214 593 1364 629 firmatur,
1382 603 1417 623 ac

365 645 462 676 opera
482 635 611 677 propria
633 635 748 675 explet:
775 637 863 676 quod
886 643 932 667 est
955 646 1022 667 esse
1044 637 1125 667 inter
1151 637 1280 668 virtutes
1302 637 1417 677 princi-

362 679 449 719 pales
472 678 664 719 simplicster,
681 689 748 709 non
771 687 912 720 respectu
937 679 1032 710 huius
1053 680 1102 710 vel
1124 680 1218 711 illius.

419 722 460 753 Et
483 729 572 758 nota,
596 722 724 759 novitie,
749 723 838 765 quod
861 733 926 754 non
949 724 1109 764 quaeritur
1132 724 1170 754 de
1194 723 1418 764 principalibus

2451 252 2523 299 395

1467 331 1640 367 habitibus,
1666 332 1720 361 sed
1735 330 1912 361 virtutibus.
1938 330 1983 361 Ita
2006 331 2093 371 quod
2116 330 2148 360 in
2172 330 2290 360 ratione
2315 336 2344 360 et
2363 329 2526 360 latitudine

1467 375 1590 406 virtutis
1610 381 1645 405 ut
1667 374 1725 410 sic,
1750 374 1908 415 quaeritur
1931 384 1970 405 an
1994 374 2203 414 principalitas
2226 374 2373 404 debeatur
2400 373 2526 403 morali-

1468 419 1538 450 bus.
1556 418 1654 456 Quod
1663 425 1710 449 est
1725 427 1905 458 comparare
1922 418 2056 448 morales
2070 417 2344 448 intellectualibus:
2361 417 2425 447 duo
2442 416 2526 446 enim

1469 469 1593 493 tantum
1612 462 1716 502 posita
1739 468 1813 493 sunt
1834 461 1987 492 virtutum
2009 471 2122 501 genera
2144 461 2372 496 humanarum,
2397 460 2435 490 de
2458 460 2526 500 qui-

1469 507 1528 536 bus
1551 512 1675 537 tantum
1698 508 1819 536 Auctor
1842 511 1972 536 testatur
1995 505 2028 535 in
2052 514 2182 544 corpore
2206 515 2238 535 se
2261 504 2359 545 loqui.
2388 504 2428 534 Et
2450 503 2525 539 hoc,

1469 556 1599 590 propter
1621 550 1751 580 virtutes
1775 548 1977 588 theologicas.

1501 646 1521 666 N
1546 636 1678 667 articulo
1696 636 1798 676 primo
1815 635 2007 676 quaestionis
2024 635 2361 675 sexagesimaeprimae,
2378 640 2464 670 nota,
2480 634 2527 663 vir
2553 648 2616 675 -po
2619 654 2667 670 use
2681 648 2762 674 em,

1474 648 1702 720 Ispeculative,
1719 679 1958 720 responsionem
1981 679 2020 710 acl
2044 678 2198 719 primum:
2222 685 2252 708 et
2273 678 2346 708 inde
2362 677 2527 717 perspicies
2554 678 2611 696 ‘0¹¹¹
2602 654 2656 700 ⁹³¹³
2663 674 2740 696 Trnct.
2746 680 2761 695 v

1472 733 1570 763 quam
1593 724 1673 754 bene
1697 723 1735 753 de
1758 723 1912 763 Analogia
1934 723 2112 753 Nominum
2135 722 2240 752 alibi*
2259 721 2482 761 scripserimus.
2555 700 2633 753 giiii*
2651 691 2762 728 Lugdun.

1121 875 1435 916 ARTICULUS
1464 873 1760 916 SECUNDUS

922 968 1078 998 UTRUM
1100 967 1197 998 SINT
1220 967 1434 1004 QUATUOR
1457 967 1673 998 VIRTUTES
1697 966 1964 998 CARmNALEs

694 1054 767 1085 Infra,
786 1062 832 1087 qu.
850 1062 915 1085 van
934 1059 981 1079 art.
993 1062 1023 1085 4;
1042 1054 1073 1078 111
1093 1054 1174 1084 Sent„
1195 1054 1254 1078 dist.
1272 1061 1356 1083 xxxin,
1376 1061 1421 1086 qu.
1439 1061 1467 1083 11,
1487 1058 1533 1078 art.
1551 1061 1568 1083 1.
1588 1054 1634 1086 qu=
1650 1053 1663 1077 3
1670 1061 1677 1084 ;
1698 1053 1739 1078 De
1759 1053 1862 1082 Virtut„
1882 1060 1926 1085 qu.
1945 1060 1962 1084 1,
1981 1058 2019 1077 art
2046 1060 2084 1083 12,
2103 1054 2134 1078 ad
2154 1052 2184 1077 25
2191 1061 2199 1084 3

1199 1096 1243 1120 qu.
1262 1096 1286 1118 ν,
1305 1093 1343 1113 art
1361 1096 1387 1119 1;
1407 1088 1427 1112 Il
1448 1088 1541 1118 Ethic„
1562 1088 1620 1113 lect.
1634 1095 1687 1112 vm.

398 1208 424 1225 η’,
434 1193 458 1215 χι
481 1195 551 1235 ³¹6<
574 1189 597 1214 D
613 1188 802 1214 SECUNDUM
817 1188 870 1213 sm
885 1187 1124 1213 PRocrzm’rUR.
1144 1175 1303 1213 Videtur
1317 1176 1422 1224 quod

394 1219 494 1285 ῌΔ
506 1226 547 1285 ij
575 1241 654 1266 non
669 1229 742 1266 sint
755 1236 919 1276 quatuor
926 1228 1083 1265 virtutes
1099 1227 1317 1265 cardinales.
1330 1229 1422 1264 Pru-

445 1295 503 1321 ν’,
515 1264 546 1319 (ι
576 1282 702 1318 dentia
730 1281 831 1317 enim
852 1288 907 1317 est
931 1280 1111 1317 directiva
1130 1280 1288 1316 aliarum
1307 1281 1422 1317 virtu-

423 1300 543 1362 ‘'2³⁹³“
535 1323 656 1370 &tum
676 1333 891 1379 moralium,
912 1340 954 1368 ut
972 1344 1018 1368 ex
1033 1332 1290 1380 supradictis*
1307 1340 1420 1381 patet.

362 1386 440 1423 Sed
463 1386 503 1423 id
521 1385 625 1434 quod
653 1392 710 1421 est
737 1384 962 1421 directivum
986 1384 1159 1430 aliorum,
1181 1384 1422 1432 principalius

357 1438 563 1484 ese>Ergo
588 1436 790 1485 prudentia
817 1437 898 1472 sola
926 1443 982 1472 est
1007 1435 1126 1472 virtus
1153 1435 1381 1484 principalis.

416 1500 452 1526 2.
481 1490 717 1536 PRAEmREA,
746 1488 903 1525 virtutes
930 1487 1155 1536 principales
1182 1495 1269 1524 sunt
1296 1488 1421 1536 aliquo

359 1540 482 1579 modo
509 1542 686 1579 morales.
716 1541 793 1578 Sed
813 1541 860 1577 ad
881 1539 1121 1589 operationes
1141 1540 1305 1576 morales
1325 1541 1423 1577 ordi-

360 1604 500 1631 namur
524 1605 596 1642 per
622 1594 808 1630 rationem
836 1592 1054 1642 practicam,
1083 1599 1119 1629 et
1137 1592 1346 1643 appetitum
1367 1605 1422 1629 re-

237 1666 245 1678 ·
263 1693 271 1700 ·
302 1663 333 1700 3-
362 1653 477 1693 ctum,
506 1654 547 1683 ut
574 1646 708 1684 dicitur
733 1646 772 1683 in
799 1646 851 1682 VI
879 1646 999 1682 Ethic.
1019 1645 1039 1667 ’¹‘
1067 1646 1169 1693 Ergo
1197 1646 1302 1681 solae
1323 1645 1421 1682 duae

359 1699 518 1736 virtutes
545 1699 753 1736 cardinales
781 1705 879 1735 sunt.

360 1771 368 1775 >
417 1753 452 1789 3.
472 1753 705 1799 Puni-mm,
725 1751 822 1788 inter
840 1750 932 1787 alias
955 1750 1068 1786 etiam
1087 1749 1246 1787 virtutes
1268 1762 1345 1787 una
1365 1758 1422 1787 est

359 1804 603 1853 principalior
634 1805 761 1841 altera.
797 1803 874 1840 Sed
906 1803 955 1840 ad
986 1803 1061 1839 hoc
1089 1802 1192 1851 quod
1219 1802 1338 1839 virtus
1368 1803 1421 1840 di-

360 1864 466 1894 catur
491 1857 716 1906 principalis,
746 1868 824 1893 non
854 1855 1054 1904 requiritur
1079 1855 1184 1903 quod
1212 1854 1259 1891 sit
1284 1855 1421 1904 princi-

358 1909 458 1958 palis
483 1917 657 1958 respectu
676 1909 862 1956 omnium,
887 1909 955 1945 sed
974 1915 1148 1957 respectu
1167 1908 1419 1957 quarundam.

359 1963 463 2010 Ergo
491 1962 642 2000 videtur
668 1963 774 2010 quod
801 1961 874 1998 sint
901 1962 1021 1998 multo
1049 1961 1176 2010 plures
1194 1960 1422 2009 principales

358 2014 528 2052 virtutes.

360 2088 364 2091 -
414 2068 489 2104 San
521 2078 668 2104 con-nu
699 2078 765 2103 EST
797 2066 904 2114 quod
940 2065 1145 2113 Gregorius
1178 2064 1285 2112 dicit,
1322 2066 1360 2102 in
1389 2067 1420 2102 II

279 2139 286 2152 ›
325 2139 333 2172 ς
358 2119 504 2157 Μονα1·.
525 2120 568 2157 *2
594 2121 641 2156 In
669 2125 832 2168 quatuor
857 2119 1054 2156 virtutihus
1080 2124 1156 2155 tota
1184 2119 1274 2156 boni
1300 2119 1423 2166 operis

358 2178 548 2210 structura
575 2172 780 2222 consurgit.

413 2227 639 2263 REsrounEo
658 2236 842 2262 mem-inum
862 2224 967 2272 quod
995 2235 1178 2260 numerus
1207 2224 1422 2272 aliquorum

360 2278 480 2327 accipi
513 2285 639 2327 potest
670 2284 736 2314 aut
767 2276 980 2314 secundum
1008 2275 1194 2324 principia
1227 2275 1421 2323 formalia,

359 2338 424 2368 aut
452 2331 664 2368 secundum
691 2329 880 2366 subiecta:
910 2336 948 2365 et
973 2335 1136 2376 utroque
1170 2328 1289 2365 modo
1318 2328 1422 2364 inve-

358 2383 514 2420 niuntur
548 2389 712 2431 quatuor
744 2381 955 2419 cardinales
986 2381 1153 2417 virtutes.
1189 2380 1423 2428 Principium

302 2468 308 2475 .
359 2436 461 2473 enim
490 2436 650 2472 formale
677 2434 825 2472 virtutis
853 2434 901 2471 de
930 2445 1005 2482 qua
1024 2445 1126 2470 nunc
1144 2433 1347 2481 loquimur,
1369 2441 1424 2469 est

358 2487 512 2526 rationis
540 2488 699 2525 bonum.
733 2487 851 2534 Quod
887 2486 1044 2535 quidem
1077 2485 1274 2534 dupliciter
1300 2493 1425 2533 potest

360 2541 602 2578 considerari.
632 2540 719 2586 Uno
748 2540 880 2586 modo,
909 2538 1122 2575 secundum
1143 2538 1247 2586 quod
1274 2537 1313 2574 in
1341 2537 1423 2585 ipsa

361 2593 664 2630 consideratione
697 2591 852 2629 rationis
885 2591 1063 2628 consistit.
1093 2591 1143 2627 Et
1169 2590 1224 2626 sic
1252 2589 1320 2626 erit
1346 2601 1423 2626 una

359 2646 477 2683 virtus
508 2645 737 2694 principalis,
772 2656 870 2692 quae
899 2643 1033 2680 dieitur
1058 2642 1271 2690 prudentia.
1291 2663 1315 2669 -
1335 2641 1421 2678 Alio

360 2699 493 2746 modo,
524 2698 735 2735 secundum
763 2696 868 2746 quod
897 2695 995 2732 circa
1023 2694 1165 2743 aliquid
1192 2694 1347 2743 ponitur
1365 2706 1422 2731 ra—

357 2751 474 2792 tionis
503 2751 610 2787 ordo.
641 2751 690 2786 Et
716 2750 791 2786 hoc
817 2749 879 2786 vel
908 2748 1006 2785 circa
1035 2747 1286 2796 operationes,
1313 2754 1349 2783 et
1369 2747 1422 2783 sic

416 2887 442 2920 οι)
463 2886 601 2912 Similiter.
614 2899 632 2904 -
650 2884 781 2910 Similiter
799 2887 887 2909 autem
906 2887 932 2908 et
950 2883 986 2913 K,
1007 2883 1043 2908 Et
1060 2883 1182 2908 similiter
1201 2883 1245 2907 Pa.

1477 1182 1532 1212 est
1559 1176 1716 1212 iustitia.-
1742 1176 1804 1212 vel
1825 1175 1922 1211 circa
1940 1175 2148 1223 passiones,
2171 1182 2206 1212 et
2225 1175 2278 1212 sic
2297 1187 2451 1212 necesse
2475 1183 2531 1212 est

1477 1240 1558 1264 esse
1574 1229 1669 1264 duas
1687 1227 1855 1264 virtutes.
1877 1227 2062 1264 Ordinem
2083 1227 2184 1264 enim
2203 1227 2357 1264 rationis
2376 1240 2530 1264 necesse

1476 1288 1532 1316 est
1559 1292 1702 1328 ponere
1723 1280 1819 1316 circa
1837 1280 2045 1328 passiones,
2067 1279 2302 1316 considerata
2321 1291 2530 1328 repugnan-

1475 1332 1525 1368 tia
1539 1332 1708 1380 ipsarum
1728 1332 1776 1368 ad
1795 1332 1991 1369 rationem.
2009 1333 2117 1378 Quae
2138 1332 2292 1380 quidem
2306 1340 2430 1380 potest
2449 1345 2531 1369 esse

1477 1384 1684 1432 dupliciter.
1722 1385 1809 1421 Uno
1842 1385 1982 1431 modo,
2018 1384 2228 1421 secundum
2263 1385 2369 1432 quod
2404 1385 2530 1433 passio

1475 1436 1634 1484 impellit
1661 1437 1709 1472 ad
1737 1436 1876 1484 aliquid
1906 1437 2134 1473 contrarium
2162 1437 2311 1473 rationi:
2341 1445 2376 1473 et
2395 1437 2448 1473 sic
2467 1449 2531 1473 ne-

1477 1500 1582 1524 cesse
1611 1495 1666 1524 est
1692 1489 1799 1536 quod
1825 1489 1950 1536 passio
1979 1489 2215 1537 reprimatur,
2245 1497 2280 1525 et
2308 1490 2355 1526 ab
2374 1490 2449 1525 hoc
2468 1489 2532 1526 de-

1476 1540 1694 1576 nominatur
1730 1541 1985 1588 temperantia.
2020 1541 2105 1577 Alio
2141 1541 2280 1587 modo,
2319 1542 2532 1579 secundum

1476 1593 1582 1640 quod
1614 1592 1742 1640 passio
1777 1593 1929 1629 retrahit
1961 1593 2009 1629 ab
2044 1605 2090 1629 eo
2124 1593 2230 1641 quod
2266 1594 2359 1630 ratio
2398 1594 2531 1641 dictat,

1475 1645 1570 1681 sicut
1597 1645 1712 1681 timor
1739 1644 1996 1692 periculorum
2024 1646 2087 1681 vel
2114 1646 2306 1682 laborum:
2337 1653 2372 1682 et
2397 1646 2450 1682 sic
2469 1658 2533 1682 ne-

1475 1709 1580 1734 cesse
1613 1704 1670 1733 est
1701 1696 1806 1745 quod
1840 1698 1960 1734 homo
1992 1697 2166 1734 firmetur
2196 1697 2235 1733 in
2265 1709 2310 1733 eo
2346 1699 2450 1746 quod
2480 1706 2534 1735 est

1474 1750 1638 1797 rationis,
1668 1761 1716 1786 ne
1744 1750 1913 1795 recedat3
1939 1757 1976 1786 et
1994 1750 2042 1786 ab
2061 1751 2135 1786 hoc
2165 1749 2430 1787 denominatur
2445 1752 2533 1798 for-

1472 1803 1598 1839 titudo.

1529 1854 1708 1891 Similiter
1731 1859 1748 1875 ‘²
1768 1854 1979 1890 secundum
2008 1855 2187 1903 subiecta,
2216 1856 2318 1893 idem
2351 1867 2533 1892 numerus
2659 1861 2676 1877 α

1474 1907 1676 1944 invenitur.
1706 1906 1954 1955 Quadruplex
1983 1907 2084 1943 enim
2113 1907 2304 1945 invenitur
2322 1908 2533 1944 subiectum

1474 1960 1587 1996 huius
1613 1959 1760 1996 virtutis
1789 1960 1836 1996 de
1869 1971 1945 2007 qua
1978 1971 2079 1996 nunc
2111 1958 2127 1989 β
2152 1961 2366 2009 loquimur:
2395 1960 2533 1997 scilicet
2658 1957 2673 1989 β

1475 2013 1655 2049 rationale
1685 2024 1753 2060 per
1781 2012 1992 2058 essentiam,
2014 2013 2119 2059 quod
2136 2013 2338 2061 prudentia
2365 2013 2531 2061 perficit;

1477 2073 1513 2101 et
1534 2065 1714 2102 rationale
1735 2076 1804 2113 per
1821 2064 2156 2113 participationem,
2177 2066 2281 2114 quod
2300 2065 2477 2102 dividitur
2495 2066 2533 2102 in

1475 2118 1559 2163 tria;
1589 2117 1686 2154 idest
1717 2117 1756 2154 in
1787 2118 2024 2154 voluntatem
2043 2117 2078 2164 *,
2107 2130 2205 2166 quae
2234 2126 2290 2155 est
2321 2118 2532 2154 subiectum
2561 2126 2613 2147 Ἰ).
2628 2132 2681 2154 ¹199·

1476 2171 1655 2213 iustitiae‚·
1684 2177 1720 2206 et
1751 2169 1790 2206 in
1819 2169 2162 2217 concupiscibilem,
2192 2183 2288 2219 quae
2319 2179 2373 2207 est
2409 2171 2532 2207 subie-

1477 2230 1580 2259 ctum
1618 2222 1904 2270 temperantiae;
1932 2229 1970 2258 et
1999 2222 2038 2258 in
2070 2222 2316 2270 irascibilem,
2347 2235 2446 2270 quae
2479 2230 2534 2259 est

1477 2275 1690 2312 subiectum
1713 2274 1943 2321 fortitudinis
1961 2273 1992 2310 ²1⁸.

1529 2329 1588 2363 An
1616 2338 1754 2363 PRIMUM
1781 2338 1879 2363 ERGO
1907 2337 2092 2363 1>1CEN1>UM
2120 2327 2224 2374 quod
2253 2327 2452 2375 prudentia
2481 2335 2536 2363 est

1475 2379 1693 2428 simpliciter
1723 2378 1966 2427 principalior
1998 2379 2187 2416 omnibus.
2226 2380 2302 2416 Sed
2339 2380 2431 2416 aliae
2467 2392 2535 2428 po-

1476 2440 1616 2469 nuntur
1642 2431 1868 2480 principales
1896 2443 2148 2481 unaquaeque
2177 2432 2215 2469 in
2242 2444 2312 2468 suo
2340 2444 2489 2480 genere.

1529 2487 1587 2521 An
1616 2496 1806 2521 SECUNDUM
1829 2495 2012 2520 mCENDUM
2039 2485 2145 2533 quod
2164 2484 2344 2521 rationale
2363 2497 2433 2533 per
2450 2497 2534 2533 par-

1475 2536 1734 2585 ticipationem
1755 2536 1933 2572 dividitur
1959 2536 1997 2572 in
2025 2535 2105 2582 tria,
2134 2544 2175 2573 ut
2203 2537 2344 2574 dictum
2375 2545 2430 2573 est
2448 2537 2479 2573 ²¹³.

1527 2591 1586 2626 An
1605 2600 1764 2625 TER-num
1787 2599 1970 2624 D1CENDUM
2000 2589 2104 2636 quod
2133 2601 2267 2625 omnes
2295 2589 2390 2626 aliae
2418 2589 2532 2626 virtu-

2561 2288 2571 2298 *
2586 2287 2614 2308 D.
2629 2292 2671 2315 ²3¹·

2561 2545 2570 2555 ·
2584 2543 2609 2564 In
2624 2548 2731 2571 corpore.

1476 2649 1543 2688 tes,
1572 2653 1734 2690 quarum
1762 2652 1840 2676 una
1860 2647 1914 2676 est
1931 2640 2172 2690 principalior
2191 2642 2273 2688 alia,
2303 2642 2534 2679 reducuntur

1476 2694 1525 2730 ad
1543 2693 1755 2742 praedictas
1782 2700 1955 2741 quatuor,
1980 2700 2015 2729 et
2035 2701 2218 2741 quantum
2238 2694 2288 2731 ad
2307 2694 2530 2742 subiectum,

1477 2754 1513 2783 et
1540 2753 1725 2795 quantum
1754 2746 1803 2782 ad
1832 2745 1996 2782 rationes
2024 2746 2212 2783 formales.

1514 2872 1557 2915 ’β)
1578 2889 1656 2907 nunc.
1669 2895 1687 2900 ——
1705 2881 1766 2906 Om.
1786 2882 1895 2906 codices.

1033 2969 1363 3002 Commentaria
1385 2969 1637 3002 cardinalis
1659 2968 1859 3001 Caietam

392 3072 413 3092 N
437 3061 569 3093 articulo
593 3060 733 3091 secundo
761 3058 903 3089 eiusdem
933 3056 1126 3098 quaestionis
1152 3056 1422 3097 sexagesimaepri-

366 3074 475 3142 Imac,
498 3111 672 3136 reservatur
690 3102 855 3144 responsio
879 3102 918 3132 ad
941 3101 1091 3142 primum,
1115 3101 1155 3130 ad
1177 3100 1345 3132 articulum
1363 3107 1422 3131 ter-

1478 3057 1560 3087 tium
1582 3066 1653 3086 va1
1676 3055 1885 3096 quaestionis;
1902 3055 1956 3085 ubi
1980 3064 2016 3085 ex
2038 3055 2203 3095 proposito
2219 3064 2315 3095 penes
2334 3055 2530 3087 nobilitatem

1479 3099 1674 3140 comparatio
1699 3099 1755 3130 erit
1777 3098 2036 3130 intellectualium
2060 3105 2090 3129 et
2111 3098 2280 3130 moralium
2303 3099 2465 3137 virtutum.
