2852 4152
23 1431 26 1433 -
76 1395 289 1451 ’πῧιῗΐροζὲϊ

73 1920 191 1951 ·n.385.

74 3038 89 3051 ⁴
99 3038 147 3067 Qu.
157 3044 205 3066 xm,
219 3041 262 3060 art.
273 3044 289 3059 1.

973 242 1237 288 QUAEsrlo
1266 244 1353 291 XV,
1382 245 1675 283 ARTICULUS
1706 248 1753 293 11,
1784 249 1833 284 111

2414 261 2482 287 111

1076 394 1389 437 ARTICULUS
1419 395 1714 439 SECUNDUS

822 484 976 516 UTRUM
1000 485 1245 517 CONSENSUS
1269 487 1519 518 CONVENIAT
1543 489 1695 520 BRUT1s
1718 491 1976 523 ANIMALIBUS

1246 565 1319 595 Infra,
1339 574 1382 598 qu.
1401 574 1450 598 xvi,
1470 572 1516 592 art.
1536 575 1559 592 2.

356 666 412 706 ’λ-,ὴι
435 668 506 703 *24
527 660 550 685 D
570 660 759 686 SECUNDUM
775 662 827 688 sic
843 663 1079 690 PROCEDrrUR.
1097 654 1255 691 Videtur
1268 654 1374 702 quod

349 696 399 754 ἰὰ
449 693 506 763 (ξῖὒ
529 713 736 739 consensus
763 705 964 741 conveniat
992 706 1108 742 brutis
1137 707 1371 744 animalibus.

338 758 349 797 '1
368 755 383 761 ’”
396 770 456 798 ’νς
472 753 749 792 Consensus
770 757 869 794 enim
894 757 1072 806 importat
1095 759 1372 796 determinatio-

342 803 345 805 ’
376 783 464 840 (3⁴7²
488 800 617 845 Knem
643 808 829 856 appetitus
858 811 906 847 ad
933 823 1066 848 unum.
1092 812 1168 849 Sed
1187 813 1373 860 appetitus

316 858 516 894 brutorum
545 859 763 898 animalium
792 870 878 899 sunt
906 864 1140 900 determinati
1165 866 1212 901 ad
1239 877 1371 902 unum.

317 910 418 958 Ergo
448 923 655 949 consensus
682 913 720 950 in
748 915 865 952 brutis
893 915 1114 953 animalibus
1142 916 1340 954 invenitur.

371 974 406 999 2.
426 963 657 1013 PRAETEREA,
687 975 834 1004 remoto
863 968 991 1016 priori,
1012 977 1231 1006 removetur
1247 978 1373 1018 poste-

316 1015 404 1052 rius.
423 1016 499 1053 Sed
520 1029 728 1056 consensus
747 1021 939 1069 praecedit
952 1021 1077 1069 operis
1097 1022 1371 1061 executionem.

318 1067 359 1105 Si
387 1080 476 1117 ergo
501 1069 539 1106 in
568 1071 684 1109 brutis
713 1085 791 1110 non
813 1082 910 1110 esset
938 1086 1156 1122 consensus,
1178 1087 1255 1113 non
1276 1084 1373 1113 esset

316 1121 355 1158 in
385 1122 437 1159 eis
465 1123 591 1171 operis
621 1127 803 1164 executio.
834 1127 950 1173 Quod
978 1134 1080 1175 patet
1114 1140 1194 1165 esse
1224 1129 1371 1166 falsum.

372 1175 407 1211 3.
445 1176 682 1226 PRAETEREA,
720 1179 896 1216 homines
933 1180 1124 1216 interdurn
1163 1182 1372 1219 consentire

317 1226 492 1265 dicuntur
519 1229 557 1265 in
581 1230 722 1279 aliquid
747 1233 937 1279 agendum
959 1244 1003 1268 ex
1031 1233 1156 1281 aliqua
1184 1235 1371 1282 passione,

315 1287 405 1329 puta
441 1283 748 1331 concupiscentia
772 1285 834 1321 vel
862 1284 928 1321 ira.
959 1285 1035 1321 Sed
1064 1286 1172 1322 bruta
1196 1287 1373 1324 animalia

317 1345 362 1370 ex
389 1334 567 1381 passione
595 1343 721 1382 agunt.
752 1337 853 1383 Ergo
882 1336 920 1372 in
950 1338 1002 1374 eis
1031 1346 1086 1374 est
1114 1351 1332 1376 consensus.

371 1385 445 1421 SED
465 1397 614 1426 coum
629 1399 696 1424 EST
717 1389 822 1435 quod
841 1389 1102 1427 Damascenus
1124 1391 1209 1427 dicit
1218 1390 1249 1438 ²¹³,
1271 1393 1374 1440 quod

255 1461 277 1463 εε
308 1436 604 1485 postindicium,
623 1441 736 1476 homo
751 1441 912 1488 disponit
928 1448 963 1478 et
980 1449 1086 1480 amat
1103 1443 1203 1491 quod
1220 1455 1269 1479 ex
1287 1457 1374 1481 con-

313 1489 395 1526 silio
424 1490 627 1528 iudicatum
656 1498 723 1539 est,
752 1494 853 1541 quod
869 1497 1027 1532 vocatur
1052 1496 1251 1542 sententia,
1280 1497 1376 1534 idest

316 1554 535 1581 consensus.
553 1545 631 1581 Sed
650 1545 849 1583 consilium
869 1559 947 1584 non
968 1556 1023 1585 est
1040 1549 1079 1586 in
1098 1549 1214 1586 brutis
1233 1550 1375 1587 anima-

314 1594 423 1632 libus.
445 1597 547 1644 Ergo
575 1610 646 1635 nee
675 1611 894 1636 consensus.

368 1649 594 1687 RESPONDEO
618 1662 801 1690 DICENDUM
835 1653 940 1701 quod
967 1666 1192 1701 consensus,
1221 1655 1374 1703 proprie

313 1701 530 1751 loquendo,
559 1716 639 1756 non
649 1751 651 1753 Ι
675 1712 731 1750 est
762 1705 802 1742 in
838 1706 955 1743 brutis
989 1707 1226 1744 animalibus.
1258 1708 1376 1745 Cuius

314 1754 409 1792 ratio
438 1763 495 1794 est
517 1757 607 1804 quia
625 1755 843 1795 'consensus
871 1759 1051 1808 importat
1082 1760 1373 1810 applicationem

314 1807 509 1857 appetitivi
527 1817 655 1847 motus
674 1811 723 1848 ad
743 1811 882 1860 aliquid
903 1813 1106 1860 agendum.
1126 1813 1219 1850 Eius
1244 1822 1373 1851 autem

315 1867 371 1905 est
389 1862 578 1910 applicare
597 1864 846 1912 appetitivum
866 1873 1014 1902 motum
1034 1866 1083 1903 ad
1105 1866 1244 1915 aliquid
1263 1880 1375 1915 agen-

314 1912 420 1962 dum,
449 1914 488 1952 in
517 1916 623 1953 cuius
650 1925 834 1966 potestate
864 1926 919 1955 est
946 1919 1172 1968 appetitivus
1195 1928 1324 1957 motus
1337 1920 1373 1957 *z

281 1969 285 1973 '
313 1965 408 2003 sieut
439 1975 592 2017 tangere
629 1970 794 2019 lapidem
828 1972 1006 2008 convenit
1033 1972 1189 2021 quidem
1218 1973 1372 2021 baculo,

314 2019 383 2056 sed
401 2021 591 2069 applicare
614 2023 794 2060 baculum
814 2023 862 2061 ad
886 2031 1027 2062 tactum
1051 2025 1197 2073 lapidis,
1218 2033 1274 2062 est
1293 2026 1374 2062 eius

283 2091 287 2094 -
314 2071 380 2119 qui
410 2074 526 2110 habet
560 2074 598 2112 in
630 2083 816 2124 potestate
849 2089 1006 2114 movere
1035 2078 1225 2114 baculum.
1254 2079 1372 2115 Bruta

362 2187 390 2219 α)
409 2194 468 2212 sua.
485 2201 504 2206 -
521 2195 597 2212 suum
617 2189 728 2214 codices.

1427 662 1554 691 autem
1583 657 1756 694 animalia
1784 670 1862 695 non
1889 659 2030 696 habent
2056 659 2094 696 in
2122 659 2179 696 sui
2206 668 2390 709 potestate
2415 673 2480 710 ap-

1427 707 1623 756 petitivum
1652 718 1818 758 motum,
1848 711 1915 748 sed
1942 711 2023 748 talis
2050 719 2177 749 motus
2205 713 2243 750 in
2272 713 2324 750 eis
2353 722 2408 751 est
2436 726 2480 751 ex

1426 761 1599 797 instinctu
1636 770 1801 800 naturae.
1830 764 1940 801 Unde
1973 765 2126 801 brutum
2164 765 2302 802 animal
2339 767 2480 815 appetit

1427 813 1599 861 quidem,
1629 815 1697 851 sed
1733 828 1811 852 non
1848 817 2009 865 applicat
2045 818 2293 866 appetitivum
2330 827 2478 856 motum

1427 866 1476 902 ad
1508 866 1658 914 aliquid.
1690 868 1738 904 Et
1769 877 1923 917 propter
1949 870 2024 906 hoc
2055 883 2134 907 non
2165 871 2316 920 proprie
2349 871 2481 908 dicitur

1428 919 1652 956 consentire:
1674 920 1741 957 sed
1755 922 1878 958 solum
1894 921 2081 959 rationalis
2096 931 2240 971 natura,
2257 936 2353 972 quae
2366 925 2481 961 habet

1426 971 1464 1008 in
1491 979 1675 1020 potestate
1704 985 1772 1010 sua
1791 979 1808 994 α
1836 975 2083 1023 appetitivum
2111 983 2273 1024 motum,
2294 984 2330 1013 et
2356 984 2481 1025 potest

1427 1024 1552 1114 iplsuxlzl]
1570 1025 1776 1114 dapplicare
1808 1028 1869 1063 vel
1901 1040 1979 1064 non
2015 1028 2202 1076 applicare
2237 1029 2285 1066 ad
2312 1030 2386 1066 hoc
2417 1030 2480 1067 vel

1427 1090 1448 1113 a
1502 1090 1513 1113 i
1541 1090 1566 1114 u
1598 1107 1605 1114 .

1480 1132 1538 1166 AD
1567 1142 1702 1167 PRIMUM
1730 1142 1827 1167 ERGO
1852 1143 2034 1168 DICENDUM
2062 1133 2167 1180 quod
2195 1133 2233 1170 in
2256 1134 2372 1170 brutis
2401 1134 2480 1171 ani-

1426 1183 1588 1219 malibus
1616 1183 1803 1220 invenitur
1830 1183 2097 1221 'determinatio
2127 1186 2311 1234 appetitus
2340 1187 2388 1223 ad
2416 1187 2480 1223 ali-

1427 1235 1518 1284 quid
1546 1236 1694 1284 passive
1729 1243 1886 1273 tantum.
1917 1237 2136 1274 Consensus
2172 1251 2266 1275 vero
2302 1239 2479 1287 importat

1428 1288 1780 1325 determinationem
1809 1289 1994 1337 appetitus
2018 1302 2096 1327 non
2120 1291 2244 1327 solum
2272 1292 2476 1339 passivam,

1428 1341 1496 1376 sed
1523 1341 1642 1387 magis
1670 1341 1843 1378 activam.

1481 1394 1539 1428 AD
1558 1404 1746 1429 SECUNDUM
1766 1405 1948 1430 DicENDUM
1970 1395 2086 1442 quod,
2108 1403 2255 1432 remoto
2274 1396 2402 1445 priori,
2424 1409 2480 1433 re-

1429 1452 1606 1481 movetur
1638 1446 1825 1493 posterius
1860 1447 1965 1493 quod
1991 1447 2142 1495 proprie
2176 1460 2221 1485 ex
2255 1461 2301 1485 eo
2334 1456 2480 1486 tantum

1428 1497 1606 1545 sequitur.
1624 1497 1663 1534 Si
1683 1506 1808 1534 autem
1825 1497 1964 1545 aliquid
1984 1511 2028 1535 ex
2042 1500 2212 1547 pluribus
2231 1501 2337 1549 sequi
2350 1501 2480 1550 possit,

1428 1562 1507 1586 non
1534 1557 1689 1598 propter
1716 1550 1790 1586 hoc
1817 1551 2002 1598 posterius
2025 1560 2254 1599 removetur,
2275 1566 2353 1591 uno
2380 1554 2481 1603 prio-

1429 1615 1514 1639 rum
1548 1609 1712 1639 remoto:
1743 1603 1837 1639 sicut
1863 1603 1894 1638 si
1921 1603 2107 1640 induratio
2139 1606 2258 1653 possit
2283 1607 2366 1643 fieri
2397 1614 2433 1643 et
2460 1619 2483 1643 a

1429 1655 1550 1692 calido
1576 1662 1611 1691 et
1629 1655 1760 1702 frigido
1788 1658 1892 1702 (nam
1913 1656 2045 1692 lateres
2068 1656 2290 1694 indurantur
2317 1660 2364 1696 ab
2383 1659 2480 1706 igne,

1430 1716 1465 1745 et
1484 1720 1584 1756 aqua
1604 1709 1797 1755 congelata
1815 1708 2011 1745 induratur
2031 1721 2075 1745 ex
2094 1710 2256 1758 frigore),
2273 1723 2351 1748 non
2370 1723 2482 1760 opor-

1429 1768 1480 1798 tet
1507 1761 1627 1809 quod,
1658 1768 1806 1798 remoto
1836 1762 1975 1808 calore,
2005 1770 2246 1799 removeatur
2281 1764 2480 1801 induratio.

1428 1814 1611 1851 Executio
1649 1821 1774 1850 autem
1811 1813 1935 1862 operis
1967 1826 2046 1851 non
2082 1816 2206 1852 solum
2243 1817 2410 1866 sequitur
2437 1829 2483 1854 ex

1429 1879 1630 1913 consensu,
1651 1866 1718 1903 sed
1738 1866 1851 1903 etiam
1871 1878 1917 1903 ex
1934 1866 2150 1915 impetuoso
2170 1869 2348 1917 appetitu,
2364 1869 2488 1919 qualis>

1428 1927 1483 1957 est
1509 1920 1548 1956 in
1575 1919 1692 1956 brutis
1719 1919 1955 1956 animalibus.

1479 1975 1538 2009 AD
1556 1984 1715 2009 TERTIUM
1734 1984 1916 2009 DICENDUM
1935 1973 2039 2020 quod
2054 1973 2230 2010 homines
2249 1974 2313 2021 qui
2332 1987 2377 2011 ex
2395 1987 2480 2022 pas·

1427 2025 1534 2062 sione
1563 2032 1694 2072 agunt,
1722 2033 1882 2073 possunt
1908 2026 2124 2073 passionem
2148 2038 2226 2063 non
2250 2027 2366 2074 sequi.
2390 2027 2481 2064 Non

1427 2085 1554 2114 autem
1574 2078 1683 2114 bruta
1702 2077 1889 2114 animalia.
1911 2078 2020 2114 Unde
2048 2091 2126 2115 non
2147 2086 2203 2115 est
2221 2079 2348 2116 similis
2371 2079 2478 2116 ratio.

1111 2318 1427 2360 ARTICULUS
1456 2318 1684 2360 TERTIUS
2474 2323 2485 2345 ⁴

636 2408 792 2439 UTRUM
815 2409 1062 2440 CONSENSUS
1085 2410 1151 2440 SIT
1174 2410 1231 2440 DE
1255 2410 1367 2447 FINE,
1391 2410 1475 2441 VEL
1498 2410 1555 2440 DE
1578 2410 1647 2440 His
1670 2410 1788 2447 QUAE
1812 2410 1924 2441 SUNT
1946 2411 2005 2441 AD
2029 2411 2160 2442 FINEM

361 2516 409 2539 „22
433 2520 500 2544 M!
525 2507 547 2533 D
566 2486 725 2533 mmmm
749 2508 802 2533 stc
826 2508 1064 2534 PROCEDtTUR.
1085 2496 1243 2534 Videtur
1267 2497 1372 2545 quod

342 2548 346 2556 '
363 2526 499 2596 21:21}
526 2561 734 2586 consensus
749 2549 796 2586 sit
815 2549 863 2586 de
877 2550 966 2586 fine.
985 2549 1084 2596 Quia
1097 2557 1253 2598 propter
1268 2550 1372 2598 quod

321 2635 340 2645 ⁷
365 2594 370 2604 ⁴
461 2589 492 2645 ἦ
506 2601 513 2607 “
525 2603 839 2650 unumquodque,
854 2601 944 2639 illud
962 2602 1094 2650 magis.
1112 2603 1188 2639 Sed
1202 2603 1260 2639 his
1275 2615 1373 2651 quae

371 2650 466 2688 ΕΦΨ)
482 2648 512 2690 Κ
526 2662 614 2692 sunt
640 2654 688 2692 ad
715 2655 834 2691 finem
865 2654 1121 2691 consentimus
1145 2663 1301 2704 propter
1329 2655 1372 2692 fi-

315 2719 417 2744 nem.
445 2709 547 2755 Ergo
575 2707 643 2744 fini
671 2707 930 2744 consentimus
956 2707 1088 2755 magis.

369 2771 405 2796 2.
434 2761 666 2805 Pmmnm,
686 2759 784 2797 actio
812 2760 1051 2808 intemperati
1077 2767 1131 2797 est
1157 2760 1244 2798 finis
1273 2760 1371 2807 eius,

315 2812 411 2850 sicut
439 2820 475 2849 et
503 2811 599 2849 actio
627 2811 785 2849 virtuosi
813 2821 868 2849 est
895 2813 982 2850 finis
1011 2813 1102 2850 eius.
1133 2813 1211 2850 Sed
1237 2813 1372 2850 intem-

315 2873 469 2915 peratus
498 2864 684 2902 consentit
706 2865 745 2901 in
767 2865 965 2914 proprium
993 2873 1132 2903 actum.
1152 2867 1255 2914 Ergo
1285 2878 1374 2903 con-

317 2931 450 2955 sensus
477 2925 603 2967 potest
631 2929 712 2954 esse
741 2917 790 2954 de
817 2918 906 2954 fine.

371 2973 406 3008 3.
435 2972 672 3017 PRAETEREA,
701 2970 887 3019 appetitus
917 2982 1051 3007 eorum
1085 2983 1184 3018 quae
1211 2978 1298 3007 sunt
1325 2971 1374 3007 ad

316 3025 446 3071 finem,
468 3031 524 3060 est
546 3023 690 3070 electio,
714 3030 756 3059 ut
779 3022 926 3071 supra*
947 3023 1088 3059 dictum
1114 3031 1179 3060 est.
1202 3023 1242 3060 Si
1265 3023 1375 3070 igitur

317 3089 524 3114 consensus
543 3083 642 3113 esset
661 3077 785 3113 solum
807 3076 855 3112 de
874 3075 931 3112 his
951 3088 1049 3124 quae
1068 3083 1155 3113 sunt
1174 3076 1224 3112 ad
1241 3076 1372 3124 finem,

317 3130 355 3167 in
379 3131 482 3167 nullo
503 3130 551 3166 ab
571 3129 753 3166 electione
775 3129 923 3166 differre
948 3128 1152 3165 videretur.
1174 3129 1289 3175 Quod
1308 3141 1374 3178 pa-

0 3207 2 3236 l
33 3214 36 3218 ,
78 3199 289 3254 iiffnfflg‘pffixss’ii'
316 3191 369 3220 tet
388 3195 470 3220 esse
490 3183 626 3219 falsum
645 3194 713 3231 per
730 3183 1032 3228 Damascenum,
1046 3182 1110 3231 qui
1129 3181 1217 3218 dicit
1234 3181 1254 3203 '¹‘
1269 3181 1373 3230 quod

311 3242 399 3285 post
416 3236 689 3284 dispositionem
715 3241 744 3281 α,
766 3247 882 3284 quam
905 3242 1113 3272 vocaverat
1136 3234 1372 3282 sententiam,

306 3291 360 3337 fit
385 3289 523 3326 electio,
545 3289 636 3325 Non
666 3300 755 3336 ergo
785 3300 991 3326 consensus
1021 3295 1075 3325 est
1094 3289 1219 3325 solum
1248 3287 1295 3324 de
1315 3288 1374 3324 his

317 3354 416 3390 quae
444 3349 530 3379 sunt
557 3341 607 3378 ad
633 3341 764 3378 finem.

1425 2496 1530 2545 quod
1547 2497 1737 2542 sententia,
1754 2497 1832 2534 sive
1849 2509 2055 2534 consensus
2070 2497 2096 2544 β,
2123 2506 2177 2535 est
2198 2500 2347 2546 quando
2369 2500 2481 2535 homo

1425 2549 1584 2598 disponit
1609 2555 1644 2585 et
1668 2555 1774 2585 amat
1799 2550 1899 2597 quod
1929 2562 1978 2586 ex
2005 2551 2156 2587 consilio
2189 2552 2389 2588 iudicatum
2417 2557 2479 2588 est.

1426 2602 1502 2639 Sed
1531 2601 1730 2638 consilium
1750 2614 1828 2638 non
1853 2610 1908 2639 est
1935 2603 2007 2639 nisi
2035 2604 2082 2640 de
2109 2603 2165 2640 his
2193 2616 2291 2652 quae
2319 2611 2405 2641 sunt
2432 2604 2481 2641 ad

1424 2655 1554 2691 finem.
1584 2655 1685 2702 Ergo
1714 2667 1786 2691 nec
1814 2667 2032 2692 consensus.

1478 2708 1701 2744 RESPONDEO
1730 2719 1912 2744 DICENDUM
1945 2708 2050 2757 quod
2078 2720 2283 2746 consensus
2310 2709 2482 2746 nominat

1425 2760 1717 2810 applicationem
1749 2760 1943 2808 appetitivi
1970 2769 2097 2798 motus
2129 2761 2179 2798 ad
2206 2761 2347 2810 aliquid
2374 2774 2480 2810 prae-

1427 2813 1586 2850 existens
1619 2812 1659 2849 in
1690 2820 1874 2862 potestate
1908 2814 2127 2862 applicantis
2154 2819 2170 2842 Υ
2202 2813 2234 2850 *.
2268 2816 2310 2851 In
2349 2814 2481 2851 ordine

1427 2866 1554 2903 autem
1583 2865 1787 2913 agibilium,
1814 2866 1940 2914 primo
1969 2866 2122 2914 quidem
2153 2873 2302 2914 oportet
2329 2879 2479 2904 sumere

1427 2918 1768 2967 apprehensionem
1787 2918 1888 2965 finis;
1910 2918 2046 2956 deinde
2066 2919 2273 2968 appetitum
2293 2919 2394 2965 finis;
2417 2919 2481 2956 de-

1426 2971 1514 3008 inde
1535 2971 1733 3007 consilium
1755 2971 1800 3007 de
1824 2972 1880 3008 his
1899 2984 1996 3019 quae
2017 2979 2103 3008 sunt
2122 2972 2170 3008 ad
2189 2972 2324 3017 finem,
2345 2972 2481 3009 deinde

1427 3022 1660 3075 appetitum?
1681 3036 1813 3060 eorum
1843 3037 1939 3072 quae
1963 3032 2050 3061 sunt
2068 3025 2117 3061 ad
2135 3025 2266 3061 finem.
2283 3025 2482 3074 Appetitus

1427 3084 1554 3112 autem
1582 3076 1621 3112 in
1648 3076 1823 3113 ultimum
1851 3077 1969 3114 finem
1994 3077 2112 3114 tendit
2130 3077 2360 3114 naturaliter:
2380 3078 2483 3115 unde

1427 3136 1463 3166 et
1491 3129 1690 3178 applicatio
1710 3136 1838 3166 motus
1861 3129 2054 3178 appetitivi
2071 3130 2111 3166 in
2135 3131 2254 3167 finem
2274 3131 2483 3179 apprehen-

1427 3194 1531 3229 sum,
1560 3194 1639 3218 non
1674 3182 1788 3218 habet
1823 3182 2010 3220 rationem
2039 3195 2262 3230 consensus,
2292 3183 2359 3220 sed
2395 3183 2483 3220 sim-

1426 3235 1530 3284 plicis
1557 3234 1772 3272 voluntatis.
1803 3236 1861 3271 De
1898 3235 1956 3272 his
1990 3242 2119 3272 autem
2147 3248 2244 3285 quae
2281 3244 2366 3272 sunt
2396 3243 2484 3284 post

1426 3287 1603 3324 ultimum
1636 3288 1767 3335 finem,
1797 3287 2022 3337 inquantum
2059 3297 2145 3325 sunt
2172 3289 2220 3326 ad
2247 3289 2383 3335 finem,
2412 3289 2482 3325 sub

1428 3340 1584 3377 consilio
1613 3341 1766 3377 cadunt:
1797 3348 1833 3378 et
1851 3341 1904 3378 sic
1929 3349 2054 3390 potest
2074 3354 2154 3379 esse
2183 3342 2231 3379 de
2251 3342 2303 3378 eis
2326 3353 2483 3377 consen-

372 3396 446 3432 SED
466 3407 610 3432 CONTRA
630 3406 694 3430 EST
714 3394 818 3442 quod
833 3395 1094 3431 Damascenus
1113 3391 1254 3430 ibidem
1274 3393 1371 3440 dicit,
1428 3406 1502 3441 sus,
1519 3394 1742 3441 inquantum
1763 3402 1889 3431 motus
1908 3394 2134 3443 appetitivus
2154 3395 2360 3443 applicatur
2378 3394 2426 3430 ad
2445 3393 2482 3430 id

372 3517 399 3550 α)
419 3517 628 3549 dispositionem.
645 3531 664 3535 -
682 3517 888 3548 disputationem
908 3517 953 3541 Pa.

371 3551 397 3585 β)
417 3553 555 3581 sententia,
574 3553 628 3577 sive
646 3559 793 3577 consensus.
812 3565 830 3571 —-
847 3559 939 3576 sensus
957 3551 1011 3576 sive
1030 3551 1161 3577 sententia
1180 3552 1224 3576 Pa.

1483 3518 1509 3550 γ)
1529 3517 1696 3549 applicantis.
1714 3531 1732 3535 -
1751 3517 1869 3541 existens
1887 3517 1983 3541 addunt
2001 3516 2218 3548 BCDHIKpAEF.

1483 3552 1506 3584 ὃ)
1526 3552 1682 3584 appetitum.
1701 3566 1718 3571 -
1736 3553 1868 3583 appetitus
1887 3552 1996 3576 codiceS.

2507 2845 2518 2855 ⁴
2532 2844 2559 2865 D.
2574 2843 2621 2872 385.
