2852 4152
60 1120 64 1122 '
100 1116 241 1140 ’ἄπλοοι
247 1122 314 1138 xxm.

0 3549 3 3602 Ξ

0 3622 4 3639 i

0 3642 5 3702 i

0 3703 4 3736 ζ

0 3743 5 3781 l

1042 232 1307 278 QUAESTIO
1337 233 1402 278 LI,
1432 233 1726 270 ARTlcULUS
1756 233 1806 269 iv

2434 236 2507 283 329

1117 367 1431 409 ARTICULUS
1462 368 1732 419 QUARTUS

806 467 960 497 UTRUM
983 467 1130 504 ALIQUI
1155 468 1341 499 HABITUS
1366 469 1462 499 SINT
1486 469 1722 500 HOMINIBUS
1747 469 1883 500 INFUSI
1907 472 1934 499 A
1958 469 2046 500 DEO

1219 554 1297 584 Infra,
1317 563 1361 587 qu.
1380 563 1452 586 mn,
1473 560 1519 580 art.
1541 555 1564 581 3.

375 655 437 694 25¹«
476 660 511 688 ‘a
551 650 573 674 D
594 649 766 680 QUARTUM
787 651 839 675 εις
860 651 1096 677 PROCEDITUR.
1116 641 1272 678 Videtur
1293 643 1398 690 quod

370 680 529 749 &¹5²⁴
552 691 676 727 nullus
704 691 853 728 habitus
881 693 1098 729 hominibus
1130 693 1349 731 infundatur
1376 707 1398 731 a

357 727 520 820 'iigfe'sff
534 740 649 780 Deo.
676 745 782 780 Deus
802 745 903 781 enim
925 745 1131 793 aequaliter
1150 759 1189 782 se
1209 747 1324 783 habet
1350 747 1398 784 ad

396 808 406 818 Χ
428 789 493 829 ”⁴539
508 786 698 833 Komnes.
722 796 761 833 Si
781 796 889 844 igitur
908 798 1137 845 quibusdam
1157 799 1318 836 infundit
1332 799 1399 836 ha-

341 846 440 883 bitus
460 847 617 896 aliquos,
635 850 815 886 omnibus
836 862 902 887 eos
920 850 1142 887 infunderet.
1161 852 1277 898 Quod
1295 859 1400 900 patet

342 911 424 936 esse
454 900 604 937 falsum.

396 964 431 989 2.
461 954 699 1001 PRAETEREA,
733 955 838 991 Deus
867 963 1045 1003 operatur
1073 955 1109 992 in
1139 955 1316 992 omnibus
1344 969 1400 993 se-

343 1005 511 1042 cundum
541 1006 700 1043 modum
730 1007 795 1054 qui
824 1007 1002 1044 convenit
1029 1015 1185 1045 naturae
1210 1008 1397 1056 ipsorum:

343 1058 432 1106 quia
459 1058 608 1095 divinae
629 1060 889 1107 providentiae
912 1065 966 1096 est
982 1066 1158 1098 naturam
1177 1061 1338 1108 salvare,
1359 1070 1400 1098 ut

343 1110 431 1147 dicit
449 1111 667 1160 Dionysius,
685 1124 719 1148 1v
740 1124 821 1160 cap.
837 1113 882 1149 de
895 1113 983 1149 Div.
999 1113 1142 1150 Nom*
1158 1115 1234 1151 Sed
1249 1115 1399 1151 habitus

343 1163 381 1200 in
404 1164 561 1201 homine
582 1164 800 1201 naturaliter
823 1173 1025 1202 causantur
1045 1178 1089 1202 ex
1108 1167 1264 1214 actibus,
1285 1175 1327 1204 ut
1346 1167 1399 1204 di-

343 1223 446 1252 ctum
475 1225 530 1253 est
548 1218 579 1253 ³⁸.
610 1218 701 1254 Non
730 1229 819 1264 ergo
849 1225 979 1254 causat
998 1219 1103 1255 Deus
1122 1219 1161 1255 in
1179 1220 1399 1256 hominibus

343 1269 490 1317 aliquos
517 1269 668 1306 habitus
696 1270 840 1317 absque
870 1270 1025 1307 actibus.

399 1323 433 1358 3.
463 1322 695 1368 PRAETEREA,
716 1321 747 1357 si
774 1322 907 1369 aliquis
935 1322 1085 1359 habitus
1113 1335 1135 1359 a
1163 1325 1247 1360 Deo
1277 1323 1400 1361 infun-

344 1372 458 1420 ditur,
486 1373 687 1422 perjillum
715 1373 887 1410 habitum
914 1375 1034 1411 homo
1064 1380 1081 1396 α
1108 1383 1233 1423 potest
1261 1377 1399 1413 multos

342 1425 700 1474 aetusproducere.
731 1425 808 1462 Sed
828 1437 877 1461 ex
895 1426 965 1462 illis
988 1427 1130 1463 actibus
1157 1434 1335 1465 causatur
1352 1430 1400 1465 si-

342 1477 440 1514 milis
467 1478 631 1523 habitus,
660 1485 702 1514 ut
729 1477 767 1514 in
796 1479 827 1514 II
855 1479 974 1515 Ethic.
1000 1478 1021 1500 ’¹‘
1049 1479 1193 1516 dicitur.
1223 1481 1401 1528 Sequitur

343 1541 432 1578 ergo
458 1530 555 1567 duos
580 1530 728 1567 habitus
749 1530 920 1567 eiusdem
939 1531 1078 1580 speciei
1099 1543 1180 1568 esse
1195 1532 1233 1570 in
1249 1534 1398 1581 eodem,

341 1594 463 1620 unum
492 1583 728 1632 acquisitum,
759 1590 796 1619 et
822 1584 981 1620 alterurn
1009 1583 1188 1622 infusum.
1210 1586 1327 1632 Quod
1345 1587 1400 1623 vi-

343 1636 454 1672 detur
486 1648 568 1672 esse
600 1635 856 1684 impossibile:
890 1649 969 1674 non
997 1637 1099 1674 enim
1127 1638 1225 1675 duae
1254 1639 1400 1676 formae

342 1688 454 1726 unius
482 1687 497 1718 1³
525 1688 664 1738 speciei
691 1696 852 1738 possunt
885 1701 967 1726 esse
995 1689 1034 1726 in
1053 1691 1192 1728 eodem
1216 1692 1399 1729 subiecto.

343 1742 436 1778 Non
455 1753 544 1789 ergo
558 1741 709 1779 habitus
729 1741 862 1790 aliquis
881 1741 1087 1779 infunditur
1100 1744 1246 1781 homini
1266 1757 1288 1781 a
1302 1746 1399 1783 Deo.

391 1795 472 1839 =Sar)
501 1805 647 1831 CONTRA
673 1806 740 1832 Esr
767 1795 871 1843 quod
901 1795 1032 1833 dicitur
1057 1796 1173 1834 Eccli.
1197 1809 1246 1834 xv
1268 1797 1304 1834 *ε
1324 1799 1401 1835 Im-

335 1846 456 1895 plevit
480 1859 566 1884 eum
594 1848 782 1884 Dominus
812 1847 943 1895 spiritu
970 1850 1174 1897 sapientiae
1200 1856 1236 1887 et
1263 1851 1400 1888 intelle-

341 1905 432 1937 ctus.
462 1899 540 1937 Sed
569 1900 752 1949 sapientia
775 1909 812 1937 et
838 1901 1047 1939 intellectus
1073 1902 1228 1951 quidam
1248 1904 1400 1941 habitus

341 1960 440 1990 sunt.
475 1953 578 2001 Ergo
613 1953 728 2002 aliqui
760 1953 911 1990 habitus
938 1954 1084 1992 homini
1113 1968 1135 1992 a
1158 1957 1243 1992 Deo
1278 1956 1401 1994 infun-

341 2005 492 2043 duntur.

394 2059 619 2095 Rnspommo
639 2071 824 2096 DICENDUM
844 2060 949 2109 quod
968 2061 1105 2109 duplici
1125 2061 1269 2098 ratione
1285 2062 1399 2112 aliqui

337 2111 487 2148 habitus
515 2111 662 2148 homini
690 2124 712 2148 a
740 2113 825 2149 Deo
853 2113 1110 2151 infunduntur.
1147 2113 1276 2151 Prima
1304 2115 1397 2152 ratio

340 2171 406 2211 est,
437 2164 526 2212 quia
555 2164 669 2212 aliqui
697 2165 847 2202 habitus
876 2174 962 2203 sunt
989 2166 1127 2215 quibus
1155 2167 1274 2204 horno
1299 2169 1397 2205 bene

338 2216 550 2265 disponitur
577 2218 627 2254 ad
654 2217 774 2255 finem
804 2220 1050 2256 excedentem
1079 2219 1294 2256 facultatem
1327 2221 1397 2257 hu-

337 2281 474 2307 manae
502 2277 672 2317 naturae,
701 2270 765 2319 qui
785 2276 801 2299 Υ
829 2279 885 2308 est
911 2271 1043 2309 ultima
1073 2280 1109 2309 et
1134 2273 1300 2321 perfecta
1328 2274 1397 2310 ho-

335 2321 446 2359 minis
475 2322 683 2371 beatitudo,
712 2331 753 2360 ut
781 2336 894 2372 supra
913 2324 933 2346 '¹‘
961 2324 1103 2361 dictum
1133 2332 1198 2362 est.
1229 2326 1278 2362 Et
1305 2325 1395 2374 quia

334 2374 485 2412 habitus
517 2382 668 2424 oportet
700 2388 782 2413 esse
814 2377 1122 2426 proportionatos
1150 2377 1184 2414 ei
1213 2377 1263 2414 ad
1290 2378 1396 2427 quod

387 2506 414 2538 α)
434 2506 511 2531 homo
529 2521 548 2526 -
566 2514 618 2532 non
638 2507 838 2540 ACDFGHIpB.
856 2522 874 2527 —
892 2512 968 2533 actus
986 2517 1038 2533 om.
1058 2509 1279 2541 ACFGILpBDH.

387 2539 412 2574 β)
433 2542 519 2567 unius.
537 2555 555 2560 -
574 2542 690 2567 eiusdem
710 2543 757 2568 Pa.

1454 643 1572 678 homo
1603 642 1811 690 disponitur
1838 644 2049 680 secundum
2082 643 2204 692 ipsos,
2236 643 2320 680 ideo
2355 657 2508 682 necesse

1455 702 1510 731 est
1537 695 1642 742 quod
1673 695 1785 731 etiam
1812 695 1962 732 habitus
1982 696 2030 732 ad
2048 696 2269 733 huiusmodi
2290 697 2408 733 finem
2437 698 2509 734 dis-

1454 755 1652 795 ponentes,
1682 748 1865 784 excedant
1893 749 2107 785 facultatem
2126 749 2318 786 humanae
2341 757 2506 787 naturae.

1455 800 1565 836 Unde
1594 800 1685 836 tales
1713 800 1863 837 habitus
1891 813 2087 849 nunquam
2105 809 2266 850 possunt
2288 802 2435 839 homini
2454 803 2508 840 in-

1456 865 1536 888 esse
1557 852 1627 888 nisi
1642 864 1687 888 ex
1706 853 1893 890 infusione
1914 854 2059 891 divina:
2081 854 2176 891 sicut
2197 862 2251 891 est
2267 854 2313 891 de
2330 855 2508 892 omnibus

1454 904 1620 952 gratuitis
1647 905 1857 942 virtutibus.

1507 957 1592 993 Alia
1620 958 1712 993 ratio
1738 965 1804 1004 est,
1825 958 1912 1006 quia
1932 960 2037 995 Deus
2055 966 2179 1007 potest
2193 960 2403 1008 producere
2420 960 2508 996 effe-

1455 1017 1535 1046 ctus
1565 1022 1764 1046 causarum
1800 1007 2054 1048 secundarum
2091 1012 2234 1059 absque
2262 1012 2351 1060 ipsis
2388 1013 2508 1049 causis

1455 1062 1643 1109 secundis,
1672 1069 1712 1098 ut
1739 1062 1778 1099 in
1803 1063 1932 1099 Primo
1951 1063 1971 1085 '¹‘
1999 1064 2140 1101 dictum
2168 1072 2233 1101 est.
2265 1065 2368 1101 Sicut
2401 1066 2509 1113 igitur

1454 1116 1698 1163 quandoque,
1715 1115 1764 1152 ad
1784 1116 2037 1152 ostensionem
2053 1129 2143 1153 suae
2161 1117 2318 1165 virtutis,
2334 1119 2509 1166 producit

1454 1167 1652 1204 sanitatem
1671 1168 1816 1215 absque
1841 1168 1998 1205 naturali
2019 1181 2147 1215 causa,
2169 1182 2267 1217 quae
2295 1177 2421 1207 tamen
2440 1183 2508 1220 per

1454 1228 1627 1257 naturam
1647 1226 1777 1268 posse't
1797 1221 1957 1267 causari;
1978 1221 2027 1258 ita
2054 1222 2165 1258 etiam
2188 1223 2433 1271 quandoque,
2458 1224 2508 1261 ad

1454 1273 1730 1310 ostendendam
1751 1285 1860 1310 suam
1874 1273 2065 1320 virtutem,
2081 1274 2242 1311 infundit
2259 1275 2405 1312 homini
2425 1276 2506 1312 illos

1454 1326 1568 1362 etiam
1588 1325 1737 1362 habitus
1758 1326 1823 1373 qui
1838 1326 1997 1363 naturali
2015 1327 2152 1364 virtute
2170 1335 2331 1376 possunt
2350 1329 2505 1365 causari.

1456 1378 1559 1414 Sicut
1585 1378 1776 1426 Apostolis
1809 1379 1911 1415 dedit
1938 1379 2132 1417 scientiam
2166 1380 2443 1428 scripturarum
2471 1389 2508 1418 et

1454 1430 1627 1466 omnium
1655 1430 1879 1478 linguarum,
1909 1444 2025 1480 quam
2051 1433 2226 1469 homines
2245 1445 2314 1481 per
2341 1434 2506 1471 studium

1452 1483 1515 1519 vel
1531 1483 1844 1520 consuetudinem
1868 1484 2061 1532 acquirere
2080 1493 2239 1533 possunt
2257 1486 2288 1532 ²³³,
2317 1485 2402 1522 licet
2429 1499 2507 1524 non

1454 1535 1504 1571 ita
1531 1535 1708 1583 perfecte.

1507 1589 1565 1623 An
1585 1598 1721 1624 PRIMUM
1741 1599 1838 1624 ERGO
1858 1599 2041 1625 mcENDUM
2062 1590 2166 1637 quod
2184 1591 2300 1637 Deus,
2321 1599 2505 1638 quantum

1454 1639 1503 1677 ad
1527 1651 1637 1676 suam
1656 1647 1845 1687 naturam,
1866 1641 2070 1688 aequaliter
2093 1654 2132 1678 se
2152 1643 2267 1679 habet
2287 1643 2336 1679 ad
2356 1656 2505 1680 omnes:

1455 1692 1522 1730 sed
1550 1693 1761 1729 secundum
1785 1693 1958 1730 ordinem
1978 1706 2070 1730 suae
2094 1694 2309 1742 sapientiae,
2331 1703 2430 1732 certa
2450 1709 2507 1733 ra-

1453 1745 1555 1782 tione
1584 1745 1774 1794 quaedam
1794 1746 1921 1782 tribuit
1940 1746 2138 1795 aliquibus,
2160 1759 2257 1795 quae
2281 1760 2359 1784 non
2381 1749 2509 1785 tribuit

1455 1798 1547 1835 aliis.

1506 1852 1566 1888 An
1594 1863 1783 1888 SECUNDUM
1803 1863 1985 1888 mcuNnuM
2005 1853 2109 1900 quod
2128 1853 2203 1888 hoc
2222 1853 2326 1900 quod
2346 1854 2450 1890 Deus
2469 1854 2507 1891 in

1454 1903 1633 1940 omnibus
1654 1911 1833 1952 operatur
1851 1904 2061 1941 secundum
2080 1905 2240 1942 modum
2261 1917 2407 1953 eorum,
2429 1919 2507 1944 non

1455 1956 1617 1993 excludit
1635 1957 1727 2005 quin
1742 1958 1848 1993 Deus
1864 1957 2054 2006 quaedam
2071 1965 2248 2006 operetur
2261 1970 2358 2006 quae
2375 1967 2508 1996 natura

1454 2009 1602 2058 operari
1621 2021 1700 2046 non
1720 2017 1859 2058 potest:
1881 2010 1948 2046 sed
1965 2022 2009 2046 ex
2023 2011 2098 2046 hoc
2113 2010 2282 2059 sequitur
2295 2012 2400 2059 quod
2415 2012 2505 2048 nihil

1453 2069 1630 2111 operatur
1650 2070 1780 2099 contra
1798 2062 1837 2099 id
1857 2062 1963 2110 quod
1981 2070 2137 2099 naturae
2158 2064 2346 2101 convenit.

1504 2117 1563 2152 AD
1595 2127 1754 2152 TER-rium
1782 2127 1965 2152 DICENDUM
2002 2116 2106 2164 quod
2138 2124 2243 2153 actus
2275 2117 2338 2165 qui
2366 2116 2506 2165 produ-

1453 2175 1589 2205 cuntur
1608 2180 1653 2204 ex
1671 2168 1803 2204 habitu
1827 2168 1964 2215 infuso,
1985 2181 2064 2205 non
2084 2176 2239 2206 causant
2258 2169 2422 2218 aliquem
2442 2170 2507 2206 ha-

1452 2221 1584 2267 biturn,
1607 2221 1674 2257 sed
1694 2221 1921 2257 confirmant
1940 2221 2109 2257 habitum
2134 2222 2450 2269 praeexistentem
2469 2222 2505 2258 *t

1452 2273 1546 2309 sicut
1574 2273 1811 2310 medicinalia
1839 2273 2009 2310 remedia
2041 2273 2207 2311 adhibita
2239 2275 2385 2311 homini
2413 2287 2506 2311 sano

1451 2337 1519 2374 per
1533 2333 1719 2373 naturam,
1737 2338 1815 2363 non
1836 2333 1991 2362 causant
2005 2326 2170 2375 aliquam
2185 2325 2198 2348 ὅ
2214 2327 2423 2374 sanitatem,
2439 2327 2507 2364 sed

1452 2377 1651 2415 sanitatem
1679 2378 1783 2427 prius
1810 2378 1979 2415 habitam
2009 2380 2256 2416 corroborant
2273 2379 2304 2416 ²¹⁸.

1496 2494 1531 2542 νγ)
1551 2510 1605 2541 qui.
1623 2524 1643 2528 —
1661 2517 1728 2542 quae
1748 2511 1841 2534 ΡΑΚα.

1503 2543 1527 2576 δ)
1547 2545 1673 2576 aliquam.
1691 2559 1709 2563 -
1726 2545 1808 2569 aliam
1828 2545 1938 2570 codices.

1011 2630 1341 2663 Commentaria
1364 2630 1612 2664 Oardjnalis
1634 2631 1834 2664 Caietani

365 2718 386 2738 N
409 2707 615 2748 responsione
638 2708 678 2738 ad
701 2708 829 2738 tertium
851 2709 954 2749 quarti
977 2708 1112 2745 articuli,
1137 2709 1257 2739 omisso
1282 2709 1394 2746 tertio,

338 2720 491 2782 Iadverte
513 2752 615 2792 quo'd,
639 2761 712 2782 curn
729 2752 868 2782 duorum
887 2753 1037 2783 ordinum
1060 2753 1121 2783 sint
1143 2752 1239 2783 infusi
1258 2753 1395 2789 habitus,

334 2795 466 2836 quidam
489 2795 605 2826 scilicet
619 2805 675 2836 per
689 2796 842 2832 accidens,
863 2804 893 2827 et
912 2796 1043 2837 quidam
1065 2807 1121 2836 per
1137 2807 1169 2826 se
1183 2796 1297 2827 infusi:
1312 2815 1332 2820 -
1349 2797 1396 2827 mi

334 2849 473 2880 namque
495 2839 621 2870 habitus
636 2839 692 2880 qui
715 2846 850 2880 possunt
869 2850 905 2870 ex
924 2840 1039 2870 nostris
1063 2841 1183 2871 actibus
1207 2848 1262 2871 aut
1284 2848 1396 2871 natura

335 2883 465 2924 acquiri,
482 2890 556 2914 sunt
579 2894 635 2924 per
653 2883 795 2914 accidens
818 2883 928 2914 infusi:
954 2884 1065 2915 accidit
1081 2885 1166 2915 enim
1191 2885 1234 2915 eis
1257 2885 1398 2916 infundi.

335 2928 376 2958 Et
394 2927 444 2958 isti
467 2935 541 2959 sunt
557 2928 700 2958 eiusdem
723 2927 852 2959 rationis
867 2928 1118 2968 specialissimae,
1135 2929 1264 2969 quando
1289 2929 1396 2959 infun-

335 2971 463 3008 duntur,
484 2981 558 3002 curn
573 2971 750 3013 acquisitis:
771 2971 943 3012 geometria
962 2971 1047 3002 enim
1067 2971 1171 3002 infusa
1192 2979 1222 3003 et
1242 2973 1396 3013 acquisita

337 3015 478 3046 eiusdem
502 3023 575 3047 sunt
598 3016 726 3056 speciei;
743 3016 824 3046 sicut
843 3016 927 3046 oculi
951 3016 1014 3046 dati
1037 3025 1129 3046 caeco
1153 3023 1238 3052 nato,
1256 3022 1286 3047 et
1309 3017 1395 3047 oculi

335 3059 482 3090 aliorum.
504 3060 546 3090 Et
568 3059 607 3090 de
629 3060 696 3091 istis
719 3060 752 3090 in
776 3069 908 3100 corpore
931 3059 1043 3090 dicitur
1071 3060 1160 3100 quod
1182 3060 1395 3091 infunduntur

335 3104 410 3144 quia
427 3103 515 3134 Deus
538 3103 685 3144 producit
700 3104 894 3144 quandoque
917 3103 1044 3134 effectus
1060 3114 1226 3134 causarum
1242 3104 1393 3135 secunda-

334 3158 406 3178 rum
430 3148 549 3189 absque
567 3148 653 3188 ipsis.
675 3148 722 3178 Illi
741 3158 816 3178 vero
842 3147 966 3178 habitus
989 3147 1045 3188 qui
1067 3148 1135 3178 sola
1150 3147 1311 3178 infusione
1326 3147 1392 3178 fieri

1450 2716 1594 2749 possunt,
1620 2717 1694 2741 sunt
1716 2720 1773 2750 per
1795 2720 1828 2740 se
1847 2710 1958 2740 infusi:
1975 2721 2013 2741 eo
2037 2711 2125 2751 quod
2148 2721 2213 2741 non
2237 2711 2348 2742 accidit
2371 2713 2505 2753 acquisi-

1451 2753 1530 2784 tioni
1553 2764 1666 2784 eorum
1688 2754 1816 2790 infusio,
1833 2754 1934 2784 immo
1950 2755 2052 2795 ipsam
2069 2765 2124 2795 per
2147 2765 2178 2785 se
2202 2755 2259 2785 sibi
2274 2755 2440 2787 vindicant.
2465 2757 2507 2787 Et

1449 2797 1499 2828 isti
1523 2805 1597 2828 sunt
1617 2798 1742 2828 habitus
1759 2798 1961 2829 essentialiter
1976 2799 2236 2838 supernaturales,
2253 2807 2288 2830 ut
2301 2799 2333 2829 in
2349 2800 2504 2840 principio

1451 2841 1592 2881 corporis
1615 2842 1736 2872 articuli
1760 2842 1887 2872 dicitur:
1904 2860 1925 2865 -
1947 2843 1989 2873 Et
2011 2843 2050 2872 de
2070 2843 2209 2883 utrisque
2231 2843 2407 2874 verificatur
2429 2844 2506 2874 haec

1449 2885 1614 2925 responsio
1643 2886 1683 2916 ad
1712 2886 1855 2922 tertium,
1879 2887 1967 2927 quod
1990 2894 2077 2918 actus
2100 2887 2305 2926 procedentes
2335 2897 2372 2918 ex
2395 2887 2503 2918 habitu

1448 2929 1555 2960 infuso
1579 2940 1646 2960 non
1662 2937 1790 2960 causant
1805 2930 1944 2970 aliquem
1958 2930 2112 2966 habitum,
2137 2931 2191 2960 sed
2215 2931 2402 2962 confirmant
2417 2942 2504 2972 prae-

1449 2973 1643 3004 existentem.
1660 2974 1700 3004 Et
1715 2973 1748 3003 in
1765 2981 1915 3014 promptu
1941 2984 2032 3004 causa
2049 2981 2108 3004 est:
2126 2975 2165 3004 de
2180 2985 2235 3014 per
2250 2985 2282 3005 se
2298 2975 2410 3006 infusis
2434 2975 2502 3016 qui·
2552 2983 2561 2991 ·

1449 3017 1531 3053 dem,
1549 3017 1624 3057 quia
1647 3017 1903 3057 improducibiles
1927 3025 2001 3048 sunt
2023 3018 2083 3048 nisi
2099 3028 2155 3057 per
2177 3018 2381 3055 infusionem,
2399 3029 2434 3049 ac
2449 3029 2505 3059 per

1448 3061 1510 3090 hoc
1534 3071 1570 3091 ex
1594 3061 1713 3092 actibus
1736 3061 1866 3097 nostris;
1887 3062 1924 3092 de
1948 3072 2004 3102 per
2026 3062 2169 3092 accidens
2193 3073 2268 3093 vero
2291 3063 2414 3099 infusis,
2429 3063 2503 3104 quia

1448 3105 1513 3135 duo
1550 3105 1721 3135 accidentia
1748 3105 1891 3136 eiusdem
1925 3105 2038 3146 speciei
2068 3113 2142 3137 sunt
2174 3106 2442 3147 incompossibilia
2471 3107 2504 3137 in

1449 3149 1571 3179 eodem.

1215 3309 1947 3363 „tw—ffi—

474 3590 582 3615 Summa
602 3590 701 3614 TuaoL.
722 3591 752 3615 D.
771 3590 885 3614 Tuouaa
904 3589 935 3614 T.
955 3590 993 3614 111.

2536 1078 2544 1086 ”
2561 1077 2608 1104 Qu.
2620 1083 2655 1104 cv,
2669 1081 2710 1099 art.
2722 1077 2744 1099 6.

2535 1498 2544 1506 ·
2559 1496 2588 1517 D.
2602 1502 2657 1524 ¹¹05·

2535 2225 2587 2273 ¹233-
2608 2223 2665 2252 67⁶,
2685 2224 2743 2252 697,
