2852 4152
144 818 154 827 ·
171 816 218 844 Qu.
233 822 254 843 ι,
269 819 310 838 art.
325 822 346 838 2.

139 2134 147 2144 ⁸
169 2133 238 2156 Locis
263 2134 301 2156 cit.
324 2135 347 2156 in

140 2166 188 2188 arg.
202 2167 219 2183 1.

385 206 430 242 56
1104 207 1368 253 QUAESTIO
1397 207 1464 252 VI,

385 285 703 323 considerandum
733 292 787 321 est
815 285 918 333 quod
939 285 1181 332 quorundam
1202 292 1353 321 actuum
1375 296 1442 320 seu

384 344 582 375 motuum‘
602 338 825 386 principium
847 346 901 374 est
921 338 958 374 in
978 345 1121 385 agente,
1139 349 1205 373 seu
1221 337 1259 372 in
1274 348 1319 372 eo
1336 336 1441 383 quod

384 398 579 436 movetur;
605 391 845 439 quorundam
866 398 994 426 autem
1013 397 1189 426 motuum
1209 389 1269 425 vel
1289 396 1441 424 actuum

383 444 610 492 principium
639 451 695 480 est
723 451 835 479 extra.
867 444 966 479 Cum
1005 442 1106 478 enim
1140 440 1232 489 lapis
1265 446 1442 477 movetur

384 509 548 543 sursum,
577 496 802 545 principium
831 495 942 531 huius
971 493 1148 531 motionis
1178 500 1232 529 est
1261 500 1362 528 extra
1390 493 1441 528 la-

383 549 532 597 pidem:
563 549 630 585 sed
659 561 746 585 curn
776 555 953 584 movetur
986 547 1184 592 deorsum,
1214 544 1439 593 principium

383 601 495 638 huius
533 599 710 638 motionis
750 607 804 636 est
839 600 877 636 in
905 600 987 658 ipso
1025 598 1161 646 lapide.
1192 598 1338 634 Eorum
1377 610 1440 633 au-

382 661 460 690 tern
489 666 586 703 quae
607 666 628 690 a
646 652 830 702 principio
856 652 1056 688 intrinseco
1082 657 1297 695 moventur,
1327 662 1441 698 quae-

384 706 472 743 dam
497 714 656 743 movent
683 706 817 753 seipsa,
847 703 1035 752 quaedam
1063 710 1190 739 autem
1217 715 1307 739 non.
1339 702 1438 739 Cum

384 759 484 795 enim
514 771 629 795 omne
663 770 776 805 agens
806 769 872 793 seu
901 763 1049 792 motum
1079 762 1164 803 agat
1191 767 1259 792 seu
1285 767 1440 792 movea-

381 818 440 848 tur
466 818 621 860 propter
648 810 786 855 finem,
816 816 857 845 ut
885 820 997 857 supra
1020 807 1041 830 ’¹⁶
1068 808 1240 845 habiturn
1270 815 1343 853 est;
1379 807 1439 844 illa

379 864 545 912 perfecte
573 869 776 907 moventur
799 874 820 898 a
839 860 1024 909 principio
1053 860 1267 908 intrinseco,
1298 860 1335 896 in
1360 860 1439 909 qui-

381 917 452 952 bus
482 923 535 952 est
563 915 716 962 aliquod
743 914 987 951 intrinsecum
1014 913 1242 963 principium
1273 925 1350 949 non
1380 925 1439 950 so-

379 969 458 1005 lum
487 976 527 1004 ut
555 973 792 1013 moveantur,
822 966 890 1003 sed
917 974 958 1003 ut
986 973 1214 1003 moveantur
1242 965 1279 1002 in
1308 966 1436 1002 finem.

378 1020 439 1057 Ad
466 1021 541 1057 hoc
569 1027 695 1056 autem
723 1019 827 1068 quod
855 1019 921 1056 fiat
950 1018 1090 1068 aliquid
1119 1026 1272 1068 propter
1300 1018 1436 1064 finem,

378 1072 578 1121 requiritur
616 1072 778 1119 cognitio
815 1071 901 1108 finis
939 1072 1120 1120 aliqualis.
1151 1071 1436 1118 Quodcumque

379 1125 488 1173 igitur
507 1124 560 1162 sic
579 1124 654 1172 agit
680 1125 742 1161 vel
770 1132 948 1162 movetur
968 1137 990 1161 a
1008 1124 1191 1173 principio
1221 1123 1434 1169 intrinseco,

379 1178 483 1226 quod
511 1178 626 1214 habet
654 1177 817 1225 aliquam
847 1177 1018 1214 notitiam
1047 1177 1144 1222 finis,
1173 1176 1287 1212 habet
1314 1175 1351 1212 in
1380 1187 1437 1211 εε-

378 1231 461 1280 ipso
489 1230 716 1279 principium
744 1230 800 1267 sui
819 1237 923 1266 actus
951 1242 1029 1266 non
1049 1229 1173 1265 solum
1191 1235 1234 1264 ut
1253 1235 1347 1276 agat,
1369 1228 1436 1265 sed

379 1283 490 1320 etiam
511 1291 551 1320 ut
570 1290 654 1331 agat
672 1290 827 1331 propter
853 1283 983 1319 finem.
1012 1281 1128 1328 Quod
1147 1289 1274 1318 autern
1294 1281 1434 1318 nullam

378 1336 550 1373 notitiam
587 1335 673 1372 finis
705 1335 839 1381 habet,
874 1334 941 1371 etsi
974 1333 1012 1370 in
1048 1347 1093 1371 eo
1130 1334 1175 1370 sit
1204 1334 1434 1383 principium

378 1388 534 1426 actionis
571 1389 632 1425 vel
670 1395 817 1433 motus;
852 1399 930 1424 non
964 1394 1094 1424 tamen
1129 1387 1208 1424 eius
1243 1386 1346 1436 quod
1382 1395 1437 1424 est

377 1453 486 1490 agere
514 1442 576 1478 vel
609 1440 758 1478 moveri
782 1447 946 1490 ,propter
973 1440 1092 1477 finem
1122 1448 1178 1476 est
1207 1440 1434 1488 principium

375 1494 414 1531 in
442 1494 537 1543 ipso,
567 1493 635 1530 sed
663 1493 700 1531 in
729 1493 815 1541 alio,
836 1505 858 1530 a
878 1505 955 1541 quo
985 1493 1019 1529 ei
1047 1493 1277 1541 imprimitur
1300 1492 1436 1542 princi-

374 1546 482 1596 pium
511 1559 602 1583 suae
635 1546 814 1583 motionis
842 1546 879 1582 in
908 1546 1039 1582 finem.
1075 1546 1186 1583 Unde
1215 1545 1434 1582 huiusmodi

374 1612 454 1636 non
483 1599 656 1636 dicuntur
684 1611 843 1636 movere
863 1598 998 1648 seipsa,
1020 1598 1087 1635 sed
1107 1599 1154 1635 ab
1175 1598 1254 1635 aliis
1273 1599 1432 1635 moveri.

376 1652 485 1699 Quae
511 1664 606 1689 vero
625 1652 767 1688 habent
794 1650 964 1688 notitiam
992 1651 1089 1698 finis,
1111 1651 1285 1688 dicuntur
1313 1651 1435 1700 seipsa

375 1717 554 1742 movere:
585 1705 672 1754 quia
699 1705 737 1741 in
767 1705 819 1741 eis
849 1712 903 1741 est
929 1704 1158 1753 principium
1197 1717 1275 1741 non
1309 1705 1433 1741 solum

374 1765 416 1794 ut
443 1766 569 1806 agant,
600 1757 667 1794 sed
697 1757 809 1794 etiam
837 1765 878 1794 ut
905 1765 1016 1805 agant
1042 1765 1198 1806 propter
1225 1757 1355 1794 finem.
1387 1758 1435 1794 Et

374 1810 474 1858 ideo,
504 1823 591 1847 cum
618 1817 820 1859 utrumque
853 1810 899 1847 sit
926 1811 973 1846 ab
1002 1810 1203 1847 intrinseco
1231 1809 1432 1859 principio,

376 1863 514 1900 scilicet
542 1864 647 1912 quod
666 1871 795 1911 agunt,
818 1869 853 1899 et
871 1863 976 1912 quod
994 1870 1150 1912 propter
1168 1863 1285 1899 finem
1306 1871 1431 1911 agunt,

375 1917 514 1953 horum
542 1924 670 1953 motus
699 1923 735 1952 et
762 1923 867 1952 actus
901 1915 1076 1952 dicuntur
1106 1915 1327 1952 voluntarii:
1359 1916 1434 1952 hoc

376 1969 477 2006 enirn
501 1974 518 1990 ²
545 1969 724 2018 importat
751 1980 894 2005 nomen
921 1968 1144 2015 voluntarii,
1174 1968 1278 2016 quod
1307 1976 1434 2005 motus

376 2029 412 2058 et
431 2028 535 2058 actus
555 2022 601 2058 sit
615 2034 638 2058 a
649 2021 804 2070 propria
822 2020 1073 2058 inclinatione.
1096 2021 1145 2057 Et
1157 2020 1244 2057 inde
1261 2028 1316 2057 est
1329 2021 1434 2070 quod

374 2074 632 2112 voluntarium
662 2074 796 2111 dicitur
814 2086 909 2120 esse,
934 2073 1146 2110 secundum
1171 2073 1432 2110 definitionem

374 2127 582 2164 Aristotelis
610 2135 645 2164 et
674 2126 844 2175 Gregorii
873 2126 1038 2175 Nysseni
1072 2133 1108 2163 et
1139 2126 1369 2163 Damasceni
1401 2126 1432 2174 *,

374 2193 453 2218 non
481 2181 605 2217 solum
634 2180 738 2216 cuius
765 2179 993 2229 principium
1022 2185 1077 2216 est
1102 2180 1217 2225 intra,
1248 2179 1315 2216 sed
1344 2191 1430 2215 curn

374 2233 565 2270 additione
592 2233 776 2270 scientiae.
798 2253 822 2260 -
850 2233 973 2280 Unde,
1004 2244 1092 2268 cum
1120 2232 1238 2268 homo
1267 2231 1432 2268 maxime

374 2294 576 2334 cognoscat
604 2286 722 2323 finem
751 2285 807 2322 sui
835 2285 960 2334 operis
989 2292 1026 2321 et
1053 2291 1210 2322 moveat
1241 2284 1430 2333 seipsum,

372 2339 411 2377 in
440 2340 519 2376 eius
547 2339 691 2376 actibus
719 2338 885 2375 maxime
912 2337 1169 2375 voluntarium
1197 2337 1396 2374 invenitur.

425 2395 484 2429 AD
503 2404 639 2429 PRIMUM
659 2403 756 2428 ERGO
777 2402 959 2428 DICENDUM
979 2390 1084 2439 quod
1104 2402 1182 2427 non
1197 2402 1310 2426 omne
1330 2389 1431 2439 prin-

373 2445 513 2495 cipium
534 2453 589 2482 est
607 2444 833 2493 principium
860 2444 1040 2492 primum.
1071 2443 1177 2479 Licet
1197 2455 1285 2491 ergo
1305 2443 1352 2480 de
1374 2456 1430 2480 ra-

371 2499 472 2535 tione
492 2497 695 2535 voluntarii
714 2498 759 2534 sit
783 2496 886 2546 quod
905 2496 1133 2545 principium
1154 2495 1232 2532 eius
1252 2495 1297 2532 sit
1315 2496 1428 2543 intra,

371 2564 449 2589 non
477 2559 606 2589 tamen
635 2558 690 2587 est
719 2557 848 2587 contra
876 2548 1062 2586 ratio'nem
1093 2548 1295 2586 voluntarii
1323 2549 1429 2597 quod

369 2604 596 2654 principium
619 2603 863 2641 intrinsecum
884 2610 1058 2640 causetur
1079 2602 1142 2639 vel
1161 2609 1363 2639 moveatur
1381 2602 1429 2639 ab

424 2718 442 2751 ι)
461 2725 506 2743 seu
525 2721 652 2742 motuum.
664 2730 683 2736 —
701 2717 762 2742 Om.
781 2717 827 2742 Pa.

423 2753 448 2786 x)
468 2753 546 2778 enim.
564 2767 583 2771 -
601 2756 690 2777 autem
710 2753 756 2777 Pa.
774 2766 793 2771 -
811 2752 860 2776 Pro
879 2752 922 2780 sit,
942 2751 996 2775 sint
1015 2751 1090 2775 CEK.

1494 204 1788 241 ARTICULUS
1819 205 1832 239 1

1497 282 1668 319 exteriori
1696 281 1900 340 principio.
1923 282 2017 340 quia
2045 295 2123 319 non
2152 290 2207 319 est
2236 283 2283 320 de
2312 284 2455 321 ratione
2484 297 2552 320 vo-

1495 335 1643 371 luntarii
1676 334 1779 392 quod
1813 334 2040 383 principium
2072 335 2316 373 intrinsecum
2345 337 2390 373 sit
2416 337 2552 385 princi-

1494 387 1602 445 pium
1629 387 1807 435 primum.
1829 407 1853 412 -
1875 387 1950 423 Sed
1971 393 2098 422 tamen
2118 387 2315 424 sciendum
2336 389 2442 436 quod
2463 402 2551 426 con·

1494 439 1600 486 tingit
1627 438 1781 487 aliquod
1809 438 2036 486 principium
2066 446 2192 475 motus
2221 452 2302 476 esse
2326 441 2493 488 primum
2514 442 2551 478 in

1494 503 1643 538 genere,
1674 491 1780 538 quod
1807 498 1935 527 tamen
1956 503 2033 527 non
2054 498 2110 527 est
2127 491 2294 539 primum
2315 492 2550 540 simpliciter:

1495 543 1589 580 sicut
1611 543 1648 580 in
1678 555 1815 590 genere
1844 543 2091 580 alterabilium
2119 543 2286 592 primum
2316 545 2476 581 alterans
2497 553 2552 582 est

1495 608 1633 644 corpus
1668 595 1847 643 caeleste,
1887 597 1992 644 quod
2025 603 2154 633 tamen
2189 609 2267 633 non
2302 605 2358 633 est
2383 597 2550 645 primurn

1494 660 1657 685 movens
1677 647 1902 696 simpliciter,
1923 649 1990 686 sed
2008 656 2185 686 movetur
2204 657 2312 686 motu
2330 649 2439 686 locali
2454 662 2476 686 a
2491 662 2552 686 su-

1493 701 1632 749 periori
1647 708 1838 738 movente.
1857 701 1918 738 Sic
1932 702 2041 749 igitur
2058 702 2286 750 principium
2306 702 2550 739 intrinsecum

1492 753 1694 790 voluntarii
1723 761 1839 800 actus,
1870 755 1975 802 quod
2003 762 2067 792 εει
2075 754 2134 791 vis
2155 754 2411 814 cognoscitiva
2431 762 2467 792 et
2486 767 2550 814 ap-

1492 806 1659 855 petitiva,
1683 814 1737 842 est
1755 805 1922 865 primum
1941 806 2168 855 principium
2188 807 2226 845 in
2245 815 2382 856 genere
2407 808 2550 857 appeti-

1492 859 1558 896 tivi
1579 866 1717 906 motus,
1747 859 1923 907 quamvis
1943 865 2144 896 moveatur
2162 861 2210 896 ab
2231 860 2357 908 aliquo
2379 860 2550 898 exteriori

1493 912 1702 948 secundum
1732 911 1821 948 alias
1840 910 1854 933 λ
1883 911 2027 960 species
2056 919 2194 949 motus.

1544 966 1603 1001 AD
1624 976 1813 1001 SECUNDUM
1828 975 2012 1001 DtcENDUM
2032 964 2136 1013 quod
2152 972 2278 1001 motus
2294 965 2466 1003 animalis
2483 978 2550 1003 no-

1491 1028 1562 1053 vus
1590 1017 1833 1064 praevenitur
1857 1017 2013 1065 quidem
2033 1017 2081 1052 ab
2102 1016 2227 1066 aliquo
2249 1017 2420 1054 exteriori
2440 1026 2549 1055 motu

1492 1076 1677 1116 quantum
1698 1069 1746 1105 ad
1767 1069 1855 1105 duo.
1877 1069 1963 1106 Uno
1984 1069 2116 1117 modo,
2137 1069 2359 1118 inquantum
2373 1082 2448 1119 ‚per
2468 1083 2549 1107 mo-

1490 1128 1572 1158 tum
1603 1120 1824 1158 exteriorem
1853 1129 2114 1170 praesentatur
2140 1121 2269 1159 sensui
2294 1123 2466 1160 animalis
2486 1123 2549 1160 ali-

1491 1173 1595 1222 quod
1625 1174 1810 1221 sensibile,
1840 1173 1946 1222 quod
1974 1174 2256 1223 apprehensum
2285 1183 2417 1212 movet
2436 1187 2550 1225 appe-

1489 1226 1615 1263 titum:
1645 1227 1740 1264 sieut
1766 1227 1825 1263 leo
1853 1227 1989 1264 videns
2019 1239 2175 1264 cervum
2203 1239 2273 1276 per
2301 1227 2380 1264 eius
2400 1235 2550 1265 motum

1490 1279 1871 1329 appropinquantem,
1900 1279 2030 1328 incipit
2056 1280 2204 1317 moveri
2227 1280 2434 1330 adipsum.
2462 1280 2548 1318 Alio

1488 1332 1619 1380 modo,
1649 1332 1873 1392 inquantum
1900 1345 1970 1392 per
1998 1332 2220 1369 exteriorem
2250 1340 2399 1370 motum
2419 1333 2550 1383 incipit

1489 1385 1697 1433 aliqualiter
1724 1385 1918 1422 immutari
1946 1384 2104 1422 naturali
2128 1382 2390 1423 immutatione
2411 1398 2549 1436 corpus

1488 1438 1680 1485 animalis,
1710 1446 1800 1487 puta
1827 1450 1897 1487 per
1930 1438 2044 1486 frigus
2076 1439 2139 1476 vel
2173 1439 2358 1485 calorem;
2388 1451 2548 1488 corpore

1489 1498 1616 1527 autem
1645 1491 1843 1528 immutato
1871 1503 1940 1539 per
1967 1498 2117 1527 motum
2146 1491 2338 1528 exterioris
2367 1491 2547 1540 corporis,

1487 1543 1708 1580 immutatur
1722 1543 1835 1580 etiam
1850 1555 1919 1592 per
1933 1543 2108 1581 accidens
2128 1543 2315 1593 appetitus
2334 1544 2546 1592 sensstivus,

1488 1596 1553 1645 qui
1583 1603 1638 1633 est
1663 1596 1782 1633 virtus
1811 1595 1941 1644 organi
1971 1596 2162 1645 corporei;
2193 1596 2288 1633 sieut
2312 1609 2399 1633 cum
2421 1609 2466 1634 ex
2484 1597 2548 1634 ali-

1488 1661 1565 1697 qua
1584 1649 1802 1686 alteratione
1822 1648 1992 1698 corporis
2012 1656 2279 1685 commovetur
2297 1649 2484 1699 appetitus
2498 1649 2547 1687 ad

1489 1702 1832 1751 concupiscentiam
1853 1701 2008 1738 alicuius
2028 1701 2092 1739 rei.
2115 1702 2190 1739 Sed
2206 1701 2281 1738 hoc
2295 1714 2374 1739 non
2389 1709 2445 1739 est
2459 1713 2548 1740 con·-

1487 1762 1543 1791 tra
1557 1754 1742 1791 rationem
1757 1754 1969 1802 voluntarii,
1985 1761 2027 1791 ut
2042 1754 2184 1792 dictum
2200 1762 2256 1791 est
2269 1754 2305 1792 *ε
2325 1754 2546 1794 huiusmodi

1489 1807 1589 1844 enim
1618 1807 1807 1845 motiones
1827 1808 1874 1844 ab
1895 1807 2067 1844 exteriori
2085 1807 2270 1856 principio
2290 1815 2376 1845 sunt
2395 1807 2546 1846 alterius

1487 1872 1645 1908 generis.

1540 1914 1599 1950 AD
1626 1925 1786 1950 ’mnrium
1814 1924 1996 1950 mCENDUM
2021 1913 2124 1962 quod
2149 1914 2254 1950 Deus
2273 1921 2405 1951 movet
2421 1913 2546 1951 homi-

1488 1978 1577 2002 nem
1597 1966 1645 2002 ad
1665 1966 1856 2013 agendum
1877 1977 1954 2002 non
1973 1966 2099 2002 solum
2115 1965 2210 2003 sicut
2222 1977 2443 2015 proponens
2462 1975 2546 2004 sen-

1488 2018 1545 2054 sui
1573 2018 1793 2067 appetibile,
1825 2019 1888 2055 vel
1922 2018 2018 2055 sicut
2048 2018 2253 2056 immutans
2286 2029 2444 2067 corpuS,
2477 2019 2546 2056 sed

1488 2071 1601 2108 etiam
1622 2070 1717 2108 sicut
1731 2082 1893 2108 movens
1912 2071 2036 2119 ipsam
2049 2072 2302 2108 voluntatem·
2318 2071 2406 2120 quia
2421 2071 2546 2110 omnis

1487 2131 1614 2160 motus
1641 2131 1720 2160 tarn
1747 2124 1950 2161 voluntatis
1974 2128 2090 2173 quam
2118 2131 2286 2171 naturae,
2307 2124 2355 2160 ab
2381 2133 2428 2161 eo
2457 2131 2550 2174 pro-

1487 2177 1586 2214 cedit
1617 2176 1712 2213 sicut
1740 2189 1762 2213 a
1788 2165 1914 2225 primo
1949 2183 2141 2214 movente.
2175 2177 2225 2214 Et
2252 2153 2346 2213 sicut
2377 2189 2456 2214 non
2491 2184 2547 2214 est

1486 2237 1616 2266 contra
1644 2229 1829 2266 rationem
1858 2237 2012 2266 naturae
2041 2230 2146 2277 quod
2171 2236 2297 2266 motus
2317 2238 2472 2267 naturae
2500 2229 2546 2267 sit

1485 2295 1507 2319 a
1526 2283 1610 2319 Deo
1636 2282 1731 2319 sicut
1750 2294 1771 2318 a
1790 2282 1913 2330 primo
1942 2289 2136 2330 movente,
2165 2281 2390 2331 inquantum
2410 2290 2544 2320 natura

1485 2342 1541 2372 est
1559 2334 1755 2384 quoddam
1774 2334 2067 2371 instrumentum
2087 2334 2159 2372 Dei
2175 2335 2381 2382 moventis;
2397 2335 2447 2372 ita
2463 2347 2542 2372 non

1486 2395 1540 2424 est
1569 2395 1698 2425 contra
1727 2387 1912 2424 rationem
1941 2395 2046 2424 actus
2079 2387 2281 2425 voluntarii
2315 2388 2420 2438 quod
2448 2388 2495 2425 sit
2521 2400 2544 2425 a

1483 2442 1586 2488 Deo,
1621 2440 1846 2490 inquantum
1879 2441 2056 2477 voluntas
2088 2453 2110 2477 a
2137 2441 2222 2477 Deo
2255 2448 2445 2478 movetur.
2476 2441 2544 2478 Est

1482 2502 1612 2531 tamen
1648 2492 1900 2530 communiter
1936 2493 1982 2530 de
2012 2493 2156 2530 ratione
2193 2493 2372 2530 naturalis
2406 2501 2443 2530 et
2474 2505 2543 2530 vo-

1482 2546 1630 2584 luntarii
1670 2553 1798 2583 motus
1813 2575 1823 2593 ,
1865 2546 1969 2595 quod
2010 2546 2084 2584 sint
2125 2558 2147 2582 a
2188 2546 2372 2596 principio
2414 2545 2543 2593 intrin-

1482 2613 1581 2637 seco.

1538 2714 1565 2747 λ)
1585 2709 1666 2739 αΙιίιε.Δ
1680 2728 1699 2733 -
1715 2714 1819 2747 aliquas
1837 2713 2043 2739 ABCDEGHIK.

1044 2804 1376 2855 Commentafia
1397 2821 1647 2854 cardinalis
1669 2821 1869 2854 Caietam

445 2913 496 2934 σιΑ
519 2913 632 2933 mmm.
662 2902 695 2932 In
721 2901 884 2937 divisione,
910 2911 964 2931 seu
990 2900 1183 2941 praefatione
1207 2905 1309 2930 sextae
1332 2909 1428 2941 quae-

446 2947 571 2985 stionis,
600 2947 724 2977 adverte
747 2945 835 2986 quod
858 2947 993 2981 Auctor,
1021 2944 1182 2975 tractanda
1207 2943 1315 2974 omnia
1341 2953 1427 2983 prae-

370 2991 559 3031 concipiens‚
584 2991 686 3030 prima
709 2989 908 3020 distinctione
931 2995 1053 3028 separat
1074 2994 1180 3018 toturn
1203 2987 1288 3018 hunc
1310 2987 1427 3018 librum

369 3046 388 3066 a
410 3035 555 3067 Secunda
577 3034 755 3070 Secundae;
779 3034 892 3064 deinde
915 3033 1054 3064 secunda
1075 3031 1275 3063 distinctione
1306 3037 1428 3072 separat

369 3086 535 3110 tractatum
559 3079 597 3109 de
620 3079 740 3109 actibus
763 3077 910 3108 humanis
934 3077 967 3107 in
991 3076 1167 3112 universali,
1188 3086 1206 3107 a
1222 3076 1342 3116 reliqua
1357 3075 1427 3106 libri

368 3130 455 3164 parte
478 3122 646 3162 incipiente
669 3122 701 3152 in
725 3132 778 3162 qu.
795 3130 880 3158 x1.1x;
905 3121 993 3152 tertia
1016 3127 1123 3151 autem
1147 3119 1345 3151 distinctione
1367 3127 1427 3150 tra-

370 3173 489 3198 ctatum
505 3167 611 3206 ipsum
631 3167 669 3196 de
693 3165 812 3196 actibus
829 3164 999 3205 distinguit,
1017 3165 1059 3195 ita
1075 3164 1163 3206 quod
1178 3163 1282 3205 primo
1299 3164 1338 3194 de
1353 3173 1426 3204 pro-

368 3211 442 3251 priis
458 3210 591 3246 homini,
610 3210 722 3240 deinde
737 3210 775 3240 de
800 3209 1034 3245 communibus,
1052 3209 1083 3238 in
1101 3218 1154 3249 qu.
1167 3219 1230 3238 xxn
1245 3214 1276 3238 et
1293 3217 1427 3248 sequen-

368 3255 461 3291 tibus,
477 3254 675 3285 tractandum
691 3253 774 3284 dicit.
800 3253 971 3293 Sequentes
995 3259 1101 3283 autem
1117 3252 1333 3283 distinctiones
1352 3252 1427 3282 dant

367 3299 438 3329 loca
461 3298 709 3333 conditionibus,
735 3297 989 3333 circumstantiis,
1015 3303 1045 3327 et
1068 3297 1186 3327 actibus
1210 3295 1345 3336 propriis
1369 3295 1427 3326 ho-

368 3343 455 3379 mini,
481 3342 660 3383 quibusque
685 3351 749 3377 sua,
775 3351 876 3382 usque
899 3341 939 3371 ad
961 3351 1011 3370 xx1
1035 3351 1089 3381 qu.
1105 3340 1267 3370 inclusive.

423 3387 460 3417 ΙΙ.
484 3386 575 3417 Circa
598 3386 738 3425 primum
761 3385 930 3415 articulum
948 3384 1140 3425 quaestionis
1156 3390 1267 3420 sextae,
1292 3382 1425 3413 dubium

368 3430 503 3460 occurrit
532 3431 569 3460 de
598 3430 650 3460 illa
681 3429 898 3469 propositione
927 3428 959 3458 in
989 3438 1121 3468 corpore
1145 3428 1261 3468 posita,
1287 3427 1423 3457 scilicet.

371 3474 464 3510 Quod
487 3474 608 3504 nullam
632 3474 725 3504 habet
744 3474 886 3503 notitiam
894 3473 987 3513 finis,
1006 3473 1064 3502 etsi
1079 3473 1110 3502 in
1128 3482 1163 3502 eo
1179 3473 1219 3502 sit
1228 3472 1422 3512 principium

367 3519 499 3548 actionis
516 3518 565 3549 vel
581 3523 693 3555 motus,
719 3527 781 3548 non
806 3522 910 3547 tamen
935 3517 1003 3547 eius
1018 3516 1102 3557 quod
1117 3521 1163 3546 est
1177 3525 1278 3556 agere
1293 3516 1342 3546 vel
1357 3525 1422 3545 mo—

1482 2900 1551 2930 veri
1566 2904 1703 2940 propter
1718 2899 1823 2940 finem
1855 2903 1902 2929 est
1931 2899 2127 2939 principium
2159 2899 2191 2929 in
2220 2898 2303 2939 ipso,
2327 2897 2384 2929 sed
2405 2899 2437 2928 in
2466 2898 2539 2929 alio.

1481 2943 1673 2974 Adversatur
1695 2943 1852 2983 siquidem
1875 2942 1950 2973 huic
1973 2942 2144 2973 sententiae
2167 2949 2232 2973 tam
2248 2941 2427 2978 auctoritas,
2444 2952 2542 2982 quam

1481 2987 1570 3018 ratio.
1595 2987 1774 3018 Auctoritas
1798 2987 1928 3027 quidem
1943 2986 2128 3023 Aristotelis,
2146 2986 2174 3016 11
2187 2986 2313 3026 Physic.
2326 2985 2354 3022 *,
2378 2986 2577 3037 ριοδαιιιὶεῐ

1482 3042 1518 3062 ex
1534 3031 1699 3072 proposito
1716 3030 1804 3072 quod
1820 3037 1931 3062 natura
1946 3030 2010 3070 agit
2025 3035 2154 3070 propter
2162 3029 2275 3061 finem.
2293 3030 2385 3061 Unde
2401 3030 2546 3070 arguium

1481 3076 1534 3106 sic.
1559 3075 1721 3106 Naturalia
1738 3081 1837 3116 agunt
1856 3081 1985 3115 propter
1998 3074 2114 3105 finem:
2138 3074 2290 3104 naturalia
2305 3080 2404 3114 agunt
2422 3084 2440 3104 a
2453 3074 2544 3125 prin.-

1481 3119 1564 3170 cipio
1588 3119 1757 3151 intrinseco
1781 3119 1847 3151 sine
1871 3118 1982 3149 notitia
2004 3117 2090 3148 finis:
2116 3127 2190 3158 ergo
2215 3117 2370 3157 agentiaa
2384 3117 2539 3166 principio

1479 3164 1648 3194 intrinseco
1669 3163 1735 3194 sine
1752 3161 1822 3193 finis
1837 3162 1958 3198 notitia,
1975 3168 2072 3202 agunt
2089 3168 2219 3202 propter
2234 3161 2341 3193 finem.
2366 3161 2486 3202 Cuius'
2483 3172 2540 3204 op-

1480 3207 1621 3247 positum
1643 3207 1677 3237 in
1699 3207 1800 3238 littera
1823 3206 1944 3237 dicitur.
1960 3223 1980 3228 -
1995 3205 2036 3236 Et
2052 3204 2266 3236 confirmatur.
2291 3205 2375 3243 Quia
2391 3205 2416 3236 si
2431 3205 2464 3236 in
2483 3211 2541 3236 na-

1480 3251 1633 3282 turalibus
1652 3251 1772 3282 ratione
1792 3250 1967 3281 carentibus
1991 3255 2037 3280 est
2059 3249 2250 3290 principium
2273 3249 2395 3290 agendi,
2419 3255 2450 3280 et
2471 3256 2541 3279 non

1480 3302 1526 3326 est
1548 3295 1740 3335 principium
1770 3295 1808 3325 de
1835 3295 1868 3335 ly
1885 3299 2020 3334 propter
2037 3294 2164 3335 finem,·
2188 3303 2262 3324 cum
2289 3300 2356 3324 tota
2384 3293 2537 3323 dissensio

1479 3339 1654 3370 Aristotelis
1670 3339 1708 3369 ab
1723 3339 1800 3375 aliis,
1818 3345 1927 3368 contra
1950 3348 2031 3378 quos
2056 3338 2194 3378 disputat
2217 3338 2250 3367 in
2266 3338 2293 3368 11
2308 3338 2448 3378 Physic.²
2466 3346 2538 3367 con—

1479 3383 1566 3414 sistat
1589 3393 1654 3413 non
1677 3383 1710 3413 in
1733 3383 1794 3413 hoc
1817 3383 1905 3422 quod
1929 3382 2080 3412 naturalia
2104 3388 2197 3422 agant
2209 3381 2260 3411 vel
2278 3390 2344 3411 non
2367 3387 2460 3421 agant
2483 3378 2536 3422 (de

1478 3427 1539 3457 hoc
1563 3427 1647 3457 enim
1666 3437 1732 3457 non
1749 3424 1949 3467 disputatur),
1970 3426 2023 3456 sed
2047 3426 2079 3456 in
2103 3426 2164 3456 hoc
2187 3425 2276 3466 quod
2298 3430 2392 3466 agant
2408 3431 2538 3466 propter

1478 3470 1574 3501 finem
1598 3471 1647 3501 vel
1670 3481 1734 3501 non
1758 3476 1886 3510 propter
1910 3469 2016 3506 finem,
2034 3477 2063 3500 et
2084 3469 2291 3501 concludatur
2309 3478 2379 3509 pars
2402 3467 2535 3499 affirma-

1478 3515 1559 3546 tiva:
1592 3521 1718 3555 oportet
1747 3514 1848 3544 dicere
1881 3514 1969 3554 quod
1998 3521 2123 3550 natura,
2148 3523 2230 3554 quae
2258 3519 2304 3543 est
2331 3512 2536 3544 intrinsecum

2573 1760 2585 1772 ⁸
2599 1759 2669 1788 Renp.
2682 1759 2711 1782 nd
2724 1765 2745 1782 ι.

2578 2984 2772 3042 ¹:¹⁸³*
2755 3052 2760 3062 ι
