2852 4152
979 250 1244 295 QUAESTIO
1273 250 1453 296 XXXIII,
1483 248 1777 285 ARTICULUS
1806 248 1856 284 IV

335 325 602 364 delectationis.
632 326 734 372 Ergo
764 325 960 363 delectatio
989 340 1067 363 non
1096 327 1252 375 impedit
1280 340 1390 364 usum

334 387 497 415 rationis.

389 432 463 467 SED
491 441 637 467 CONTRA
665 441 730 465 EST
747 430 852 477 quod
880 430 1134 479 Philosophus
1163 432 1260 477 dicit,
1283 432 1320 468 in
1339 433 1389 468 VI

94 486 180 534 'S—Cffi
191 491 247 534 *1233
262 485 307 532 33·
333 484 451 521 Ethic.
467 483 498 529 ³¹²,
519 482 625 531 quod
643 482 833 518 delectatio
857 484 1064 531 corrumpit
1081 484 1390 521 existimationem

330 536 562 585 prudentiae.
747 566 752 571 .

192 596 208 611 α
388 590 613 626 RESPONDEO
641 598 824 623 DICENDUM
852 586 968 633 quod,
990 587 1083 623 sicut
1102 588 1235 624 dicitur
1255 594 1271 609 α
1299 589 1336 625 in
1357 591 1390 625 X

97 643 307 691 ὲῆἓῆζὲξξςηξς·
334 641 497 687 Ethic.*‚
517 639 774 678 delectationes
795 639 973 686 propriae
991 640 1185 688 adaugent
1211 642 1392 688 operatio-

335 707 411 740 neS‚
431 699 635 730 extraneae
652 703 742 729 vero
762 691 975 740 impediunt.
1006 692 1073 727 Est
1093 704 1181 738 ergo
1202 693 1391 739 quaedam

337 746 532 784 delectatio
568 757 667 794 quae
699 745 858 781 habetur
891 744 937 780 de
976 743 1058 791 ipso
1093 751 1179 779 actu
1217 745 1390 781 rationis:

336 799 430 835 sicut
450 810 538 834 cum
564 797 697 845 aliquis
723 797 928 834 delectatur
953 795 990 832 in
1019 797 1312 844 contemplando
1333 798 1394 833 vel

336 851 607 888 ratiocinando.
630 850 678 886 Et
692 849 773 886 talis
793 848 989 886 delectatio
1010 860 1087 884 non
1107 848 1264 896 impedit
1282 861 1393 885 usum

193 904 208 938 β
337 903 502 951 rationis,
523 903 590 939 sed
609 902 735 951 ipsum
755 901 770 932 β
798 902 972 939 adiuvat:
1002 901 1091 949 quia
1110 900 1200 937 illud
1221 901 1394 938 attentius

338 967 541 1004 operamur
574 955 611 991 in
640 967 716 1003 quo
755 955 988 992 delectamur
1015 953 1054 999 *3
1084 953 1237 989 attentio
1267 962 1393 990 autem

336 1008 491 1045 adiuvat
518 1008 792 1056 operationem.

391 1061 468 1097 Sed
497 1060 764 1097 delectationes
796 1059 1012 1108 corporales
1045 1058 1256 1107 impediunt
1283 1070 1394 1094 usum

337 1113 490 1150 rationis
525 1113 657 1162 triplici
690 1113 846 1150 ratione.
880 1112 1008 1149 Primo
1045 1111 1220 1160 quidem,
1251 1110 1395 1147 ratione

339 1165 598 1203 distractionis.
630 1165 741 1212 Quia,
771 1166 866 1202 sicut
885 1165 970 1201 'iam
1001 1164 1142 1201 dictum
1172 1170 1244 1209 est,
1274 1163 1323 1199 ad
1352 1174 1396 1199 ea

337 1218 375 1255 in
404 1218 539 1267 quibus
569 1218 810 1265 delectamur,
839 1218 1001 1254 multum
1029 1216 1276 1253 attendimus:
1307 1228 1394 1251 cum

196 1280 213 1306 Υ
339 1279 466 1308 autem
486 1271 640 1308 attentio
659 1276 675 1299 Υ
703 1270 844 1307 fortiter
871 1269 1072 1306 inhaeserit
1099 1268 1210 1306 alicui
1238 1268 1303 1315 rei,
1334 1268 1397 1304 de-

338 1323 502 1360 bilitatur
521 1324 618 1360 circa
642 1323 732 1360 alias
760 1336 831 1369 res,
852 1324 914 1359 vel
942 1322 1103 1358 totaliter
1130 1322 1178 1358 ab
1208 1321 1260 1357 eis
1286 1333 1396 1357 revo-

340 1383 454 1413 catur.
476 1377 533 1412 ‚Et
561 1377 771 1413 secundum
799 1376 884 1422 hoe,
914 1375 945 1411 si
974 1374 1170 1411 delectatio
1192 1373 1397 1422 corporalis

278 1458 282 1459 γ
338 1428 457 1465 fuerit
463 1435 614 1475 magna,
634 1429 695 1465 vel
713 1428 875 1465 totaliter
898 1427 1080 1476 impediet
1097 1439 1211 1463 usum
1231 1426 1396 1473 rationis,

338 1480 387 1518 ad
407 1493 446 1517 se
466 1480 714 1517 intentionem
742 1480 858 1517 animi
881 1480 1122 1525 attrahendo;
1147 1480 1208 1516 vel
1236 1480 1398 1515 multum

337 1532 529 1581 impediet.
545 1554 570 1561 -
591 1534 782 1580 Secundo,
804 1533 947 1570 ratione
968 1532 1249 1569 contrarietatis.
1272 1532 1399 1578 Quae-

339 1585 429 1623 dam
457 1586 559 1622 enim
589 1586 876 1633 delectationes,
906 1585 1070 1622 maxime
1099 1586 1398 1633 superexceden-

338 1645 414 1685 tes‚
445 1646 531 1676 sunt
559 1646 689 1676 contra
727 1639 901 1676 ordinem
931 1638 1095 1676 rationis.
1125 1639 1174 1674 Et
1201 1650 1270 1686 per
1297 1638 1398 1674 hunc

338 1691 497 1728 modum
527 1691 782 1740 Philosophus
811 1691 915 1736 dicit,
945 1691 982 1728 in
1009 1692 1061 1728 VI
1089 1691 1207 1727 Ethic.
1229 1690 1263 1736 ²¹⁴,
1293 1689 1398 1738 quod

339 1743 596 1781 delectationes
632 1744 846 1792 corporales
878 1749 1125 1792 corrumpunt
1157 1743 1398 1780 existimatio-

339 1807 424 1833 nem
443 1797 677 1844 prudentiae,
694 1809 768 1834 non
797 1802 922 1834 autem
942 1796 1252 1833 existimationem
1271 1807 1398 1844 specu-

95 969 151 992 Ἐπ’.
158 975 197 998 qu.
206 973 284 997 1v‚nrt.
293 974 309 996 ι,

98 995 128 1018 nd
140 1002 161 1025 3.

100 1699 174 1722 *Lod
184 1699 224 1722 eit.
233 1704 313 1728 supra.

392 1927 420 1959 α)
439 1909 547 1952 dicitur.
565 1941 585 1946 -
603 1927 669 1952 dicit
686 1927 718 1957 G,
737 1926 912 1959 Philosophus
931 1926 996 1952 dicit
1015 1928 1100 1951 ceteri.

392 1960 417 1994 β)
439 1962 532 1994 ipsum.
551 1976 570 1981 -
588 1962 648 1986 Om.
669 1962 738 1987 PEa.

390 1997 417 2030 γ)
436 1997 559 2022 attentio.
575 2011 595 2016 -
613 1997 724 2022 intentio
744 1998 789 2021 Pa.

2422 248 2496 285 233

1445 327 1610 372 lativam,
1632 326 1691 362 cui
1710 338 1787 362 non
1809 325 2080 362 contrariantur
2094 323 2119 372 δ,
2144 331 2236 373 puta
2265 326 2365 373 quod
2386 326 2499 362 trian-
2622 326 2637 351 ὃ

1445 379 1557 428 gulus
1584 380 1693 416 habet
1721 384 1793 415 tres
1819 378 1981 427 angulos
2008 378 2182 425 aequales
2209 378 2351 414 duobus
2379 379 2497 415 rectis.

1447 433 1667 469 Secundum
1706 439 1831 468 autem
1870 430 2037 479 primum
2075 430 2261 476 modum,
2299 438 2499 478 utramque

1446 485 1612 533 impedit.
1633 505 1657 512 -
1677 484 1809 520 Tertio
1838 483 1969 529 modo,
1999 483 2210 519 secundum
2239 483 2432 529 quandam
2461 482 2501 519 li-

1445 538 1655 584 gationem:
1691 537 1914 584 inquantum
1952 535 2090 572 scilicet
2127 535 2175 572 ad
2214 535 2500 571 delectationem

1448 590 1683 637 corporalem
1713 589 1880 638 sequitur
1914 588 2104 637 quaedam
2132 587 2392 624 transmutatio
2422 599 2501 623 cor-

1446 642 1601 689 poralis,
1631 642 1754 678 maior
1782 641 1894 678 etiam
1923 653 2039 689 quam
2066 640 2104 677 in
2133 640 2213 677 aliis
2240 639 2501 688 passionibus,

1447 702 1589 741 quanto
1626 694 1891 731 vehementius
1927 693 2088 730 afficitur
2122 692 2308 741 appetitus
2345 692 2394 728 ad
2422 704 2502 728 rem

1446 754 1684 794 praesentem
1705 759 1820 794 quam
1850 747 1898 783 ad
1927 759 2007 783 rem
2037 747 2244 782 absentem.
2274 745 2502 782 Huiusmodi

1448 806 1574 834 autem
1595 800 1809 846 corporales
1828 799 2128 847 perturbationes
2152 797 2362 847 impediunt
2389 810 2502 834 usum

1450 850 1625 886 rationis:
1664 851 1758 887 sicut
1795 859 1896 899 patet
1931 852 1969 888 in
2005 851 2227 897 vinolentis,
2265 851 2331 899 qui
2363 851 2504 887 habent

1448 910 1561 939 usum
1591 903 1742 940 rationis
1770 903 1923 951 ligatum
1950 905 2011 940 vel
2040 903 2276 952 impeditum.

1502 957 1560 990 AD
1589 966 1724 991 PRIMUM
1744 967 1841 992 ERGO
1870 968 2052 993 DicENDuM
2073 956 2177 1004 quod
2205 955 2401 992 delectatio
2423 967 2503 991 cor-

1450 1007 1587 1054 poralis
1616 1007 1730 1043 habet
1753 1008 1908 1055 quidem
1938 1009 2103 1056 quietem
2124 1009 2310 1057 appetitus
2338 1008 2376 1044 in
2405 1007 2502 1044 dele-

1451 1059 1592 1095 ctabili:
1618 1072 1716 1106 quae
1745 1060 1849 1108 quies
1868 1061 2053 1097 interdum
2075 1061 2320 1097 contrariatur
2348 1060 2502 1105 rationi;

1451 1112 1518 1148 sed
1547 1124 1591 1148 ex
1620 1120 1724 1160 parte
1754 1113 1934 1161 corporis,
1965 1126 2116 1161 semper
2143 1114 2257 1150 habet
2280 1121 2505 1149 transmuta—

1450 1165 1606 1202 tionem.
1643 1166 1691 1201 Et
1719 1173 1903 1212 quantum
1933 1166 1981 1202 ad
2008 1173 2228 1214 utrumque,
2258 1166 2415 1214 impedit
2448 1178 2506 1202 ra-

1450 1225 1561 1253 tionis
1589 1230 1712 1254 usum.

1504 1271 1561 1306 AD
1591 1282 1779 1306 SECUNDUM
1807 1282 1990 1307 DICENDUM
2019 1270 2123 1317 quod
2151 1270 2209 1306 vis
2238 1269 2442 1318 appetitiva
2470 1277 2505 1306 et

1452 1322 1728 1370 apprehensiva
1756 1331 1842 1359 sunt
1870 1323 2024 1370 quidem
2063 1322 2234 1359 diversae
2262 1329 2408 1370 partes,
2438 1322 2506 1358 sed

1451 1375 1564 1411 unius
1592 1374 1752 1411 animae.
1783 1376 1832 1411 Et
1860 1375 1946 1412 ideo
1977 1387 2064 1411 cum
2089 1375 2244 1411 intentio
2273 1374 2422 1411 animae
2441 1386 2506 1411 ve-

1452 1428 1649 1463 hementer
1677 1427 1883 1475 applicatur
1902 1433 1914 1448 ⁵
1943 1428 1991 1464 ad
2016 1435 2141 1464 actum
2160 1427 2282 1474 unius,
2303 1427 2507 1475 impeditur
2631 1431 2643 1448 ε

1453 1480 1500 1516 ab
1530 1487 1615 1515 actu
1645 1480 1831 1516 contrario
1861 1479 2023 1516 alterius.

1506 1534 1564 1568 AD
1592 1543 1751 1568 TERTtUM
1780 1544 1963 1568 mCENDUM
1991 1531 2126 1579 quod*
2154 1544 2245 1568 usus
2274 1531 2426 1568 rationis
2451 1544 2506 1568 re-

1454 1584 1566 1633 quirit
1594 1584 1764 1621 debitum
1783 1597 1896 1620 usum
1925 1584 2202 1631 imaginationis
2223 1592 2258 1620 et
2276 1584 2431 1620 aliarum
2450 1584 2506 1621 vi-

1454 1637 1551 1674 rium
1579 1637 1863 1683 sensitivarum,
1893 1649 1990 1684 quae
2019 1644 2174 1673 utuntur
2202 1648 2344 1684 organo
2374 1649 2508 1685 corpo—

1453 1690 1530 1727 rali.
1570 1691 1618 1726 Et
1645 1689 1733 1726 ideo
1769 1702 1814 1726 ex
1851 1689 2162 1726 transmutatione
2196 1689 2381 1737 corporali
2417 1702 2508 1726 usus

1454 1742 1608 1779 rationis
1637 1742 1852 1790 impeditur,
1882 1742 2063 1790 impedito
2093 1749 2178 1778 actu
2205 1741 2351 1778 virtutis
2378 1741 2507 1790 imagi-

1454 1797 1604 1832 nativae
1634 1802 1670 1831 et
1698 1795 1855 1831 aliarum
1885 1794 2159 1831 sensitivarum.

1506 1925 1530 1958 ὃ)
1547 1933 1598 1950 non
1611 1926 1824 1951 contrariantur.
1836 1939 1855 1944 -
1867 1933 1919 1950 non
1933 1925 2118 1950 contrariatur
2127 1925 2294 1955 BCDEGKL,
2305 1926 2443 1950 delectatio
2458 1933 2508 1950 non

1452 1961 1638 1986 contrariatur
1656 1961 1702 1986 Pa.

1507 1997 1529 2028 ε)
1549 1996 1708 2027 applicatur.
1725 2009 1744 2014 -—
1761 1995 1909 2027 applicetur
1927 1995 2126 2020 ABCDHIKLa.

1506 2030 1531 2063 ζ)
1551 2031 1631 2063 quod.
1648 2045 1667 2049 —
1684 2031 1755 2063 quod
1774 2030 1836 2062 quia
1855 2030 1970 2060 codices3
1990 2035 2014 2055 et
2033 2038 2086 2055 om.
2105 2031 2140 2054 Et
2158 2035 2216 2054 ante
2235 2030 2303 2055 ideo.

1114 2182 1430 2225 ARTICULUS
1460 2182 1733 2233 QUARTUS

781 2277 964 2307 UTRUM
995 2274 1336 2306 DELECTATIO
1367 2274 1653 2304 PERFtCIAT
1683 2273 2068 2304 OPERArioNEM

880 2363 914 2386 IV
933 2362 1015 2391 Sent„
1035 2361 1094 2386 dist.
1112 2368 1178 2391 mx,
1198 2368 1242 2392 qu.
1261 2367 1298 2390 111,
1318 2365 1365 2385 art.
1386 2359 1409 2390 3,
1428 2361 1475 2392 qu·
1497 2359 1520 2390 3,
1540 2359 1571 2383 ad
1593 2359 1605 2383 3
1612 2366 1619 2389 ς
1639 2360 1662 2383 Χ
1683 2359 1776 2389 Ethic.,
1796 2360 1854 2383 lect.
1872 2367 1906 2388 vr,
1924 2367 1968 2384 vn.

373 2467 430 2509 'aa'
453 2470 510 2503 μέ(
548 2464 571 2489 D
591 2463 763 2494 QUARTUM
782 2462 835 2487 sm
855 2462 1093 2487 PROCEDITUR.
1114 2449 1273 2486 Videtur
1291 2449 1396 2497 quod

367 2494 526 2562 Ἔίὺᾼεέιῆ
550 2504 746 2541 delectatio
788 2515 867 2540 non
908 2503 1079 2551 perficiat
1119 2502 1393 2551 operationem.

356 2559 470 2605 'sysw
487 2543 687 2594 '‘Omnis
717 2556 818 2592 enim
846 2556 1015 2592 humana
1048 2555 1218 2604 operatio
1247 2555 1296 2591 ab
1323 2567 1396 2591 usu

359 2604 370 2613 ”
394 2586 483 2639 ζ’*
508 2602 703 2646 Krationis
732 2608 932 2656 dependet.
955 2607 1032 2644 Sed
1051 2607 1248 2644 delectatio
1276 2607 1396 2655 impe-

291 2688 297 2694 ·
340 2662 394 2699 dit
420 2673 533 2699 usum
562 2661 727 2707 rationis,
748 2669 790 2697 ut
817 2661 959 2697 dictum
980 2667 1034 2696 est
1052 2660 1083 2696 ²¹².
1105 2661 1206 2707 Ergo
1236 2660 1396 2697 delecta-

338 2714 390 2751 tio
420 2726 498 2751 non
534 2714 699 2763 perficit,
730 2713 797 2749 sed
835 2713 1000 2750 debilitat
1037 2713 1298 2762 operationem
1326 2713 1395 2749 hu-

339 2779 507 2804 manam.

394 2831 428 2856 2.
450 2820 681 2865 PRAETEREA,
703 2817 793 2855 nihil
822 2825 877 2854 est
903 2817 1151 2866 perfectivum
1181 2817 1238 2854 sui
1265 2817 1394 2866 ipsius,

339 2873 401 2908 vel
428 2884 518 2908 suae
548 2883 694 2908 causae.
726 2870 803 2907 Sed
831 2870 1027 2908 delectatio
1046 2877 1112 2906 -est
1139 2870 1325 2918 operatio,
1355 2877 1396 2907 ut

99 2958 112 2970 ,
125 2957 158 2980 Cf
200 2932 217 2949 ‘²
340 2925 473 2962 dicitur
493 2930 510 2946 ‘²
528 2924 567 2960 in
585 2924 653 2961 VII
676 2931 712 2960 et
730 2924 765 2959 X
791 2923 911 2960 Ethic.
931 2922 969 2960 *z
990 2922 1094 2972 quod
1113 2931 1263 2971 oportet
1280 2930 1322 2959 ut
1340 2923 1394 2960 in-

97 2963 312 3012 ωἶιῖἷιῗιῖῗτιῗῗῖ
338 2977 523 3025 telligatur
539 2977 602 3014 vel
622 2976 875 3022 essentialiter,
894 2976 957 3013 vel
982 2975 1187 3012 causaliter.
1208 2977 1310 3024 Ergo
1331 2976 1395 3013 de-

339 3030 485 3067 lectatio
514 3041 592 3066 non
618 3029 766 3078 perficit
794 3028 1066 3078 operationem.

394 3084 428 3120 3.
444 3083 676 3129 PRAETEREA,
693 3082 724 3118 si
743 3081 940 3118 delectatio
955 3081 1103 3130 perficit
1117 3081 1392 3129 operationem,

340 3143 404 3172 aut
431 3134 578 3184 perficit
596 3134 719 3183 ipsam
748 3135 843 3171 sicut
861 3134 959 3181 finis,
980 3142 1045 3171 aut
1063 3134 1158 3171 sicut
1175 3134 1310 3181 forma,
1332 3141 1395 3170 aut

340 3188 434 3224 sicut
454 3199 579 3235 agens.
611 3188 687 3224 Sed
707 3199 784 3224 non
805 3187 899 3224 sicut
916 3186 1020 3224 finis:
1045 3187 1135 3234 quia
1154 3186 1394 3235 operationes

339 3253 418 3278 non
438 3247 669 3288 quaeruntur
691 3247 846 3288 propter
865 3240 1167 3287 delectationem,
1188 3240 1255 3276 sed
1274 3240 1394 3287 magis

340 3306 360 3330 e
381 3305 580 3338 converso,
595 3300 637 3329 ut
655 3304 768 3340 supra
781 3292 802 3314 ³¹*
821 3292 963 3330 dictum
984 3300 1049 3329 est.
1070 3293 1154 3328 Nec
1172 3292 1308 3329 iterum
1328 3305 1397 3340 per

339 3346 502 3383 modum
531 3345 743 3382 efficientis:
773 3345 862 3393 quia
885 3345 1003 3393 magis
1023 3344 1188 3394 operatio
1210 3352 1265 3381 est
1283 3357 1396 3382 causa

341 3399 508 3436 efficiens
543 3397 812 3435 delectationis.
845 3398 928 3434 Nec
961 3398 1098 3435 iterum
1131 3398 1226 3434 sicut
1252 3398 1395 3434 forma:

395 3511 422 3544 α)
441 3511 549 3537 dicitur.
566 3525 585 3531 -—
603 3511 776 3543 Philosophus
794 3511 859 3537 dicit
878 3511 986 3537 codices.

395 3546 420 3580 β)
439 3547 581 3572 secundum
601 3541 795 3578 Philosophum.
813 3560 832 3565 -
848 3546 917 3572 sicut
935 3547 1108 3579 Philosophus
1127 3547 1192 3572 dicit
1210 3547 1320 3573 codices».

484 3599 594 3624 Sumus
613 3599 713 3624 Tin-201..
733 3599 764 3623 D.
778 3598 891 3623 Tnomn
910 3598 940 3623 Τ.
963 3599 1004 3623 111.

1451 2461 1525 2485 non
1547 2448 1649 2485 enim
1662 2449 1813 2496 perficit
1829 2448 2018 2485 delectatio
2039 2449 2291 2496 operationem
2308 2455 2348 2486 ut
2363 2451 2509 2489 habitus

1451 2502 1615 2549 quidam,
1645 2501 1855 2538 secundum
1875 2501 2152 2549 Philosophum
2173 2500 2200 2549 β,
2229 2502 2267 2538 in
2297 2503 2332 2538 X
2349 2504 2467 2540 Ethic.
2488 2503 2508 2525 '¹‘
2535 2536 2547 2547 ,
2557 2535 2590 2557 Ca
2625 2501 2650 2556 ¹13
2670 2541 2684 2556 u
2703 2535 2717 2556 8
2736 2546 2747 2551 -

1450 2554 1658 2591 Delectatio
1689 2566 1776 2601 ergo
1805 2566 1884 2590 non
1912 2554 2058 2602 perficit
2084 2551 2357 2602 dperationem.
2537 2562 2561 2583 S·
2608 2550 2728 2583 'dict-'vs-

1504 2607 1578 2643 SED
1607 2618 1752 2643 CONTRA
1779 2618 1845 2642 EST
1873 2607 1977 2655 quod
2006 2607 2139 2643 dicitur
2166 2607 2307 2644 ibidem
2335 2608 2371 2655 ²¹⁶,
2402 2608 2508 2656 quod

1450 2659 1640 2695 delectatio
1669 2659 1922 2707 operationem
1944 2660 2103 2708 perficit.

1504 2713 1729 2748 RESPONDEO
1749 2723 1932 2748 mcENDUM
1961 2713 2066 2760 quod
2086 2712 2282 2749 delectatio
2312 2713 2507 2761 dupliciter

1451 2764 1714 2813 operationem
1742 2765 1899 2812 perficit.
1929 2765 2016 2802 Uno
2037 2765 2167 2811 modo,
2196 2777 2265 2813 per
2283 2765 2444 2802 modum
2464 2767 2508 2802 fi-

1450 2817 1528 2854 nis:
1558 2829 1637 2854 non
1657 2817 1810 2865 quidem
1840 2819 2050 2855 secundum
2073 2817 2177 2865 quod
2204 2817 2289 2854 finis
2318 2818 2451 2855 dicitur
2469 2819 2507 2855 id

1450 2866 1606 2919 propter
1633 2870 1738 2918 quod
1766 2870 1907 2917 aliquid
1933 2878 1987 2907 est
2005 2875 2039 2916 γ;
2069 2870 2134 2907 sed
2163 2870 2374 2907 secundum
2402 2872 2507 2920 quod
2631 2875 2648 2900 Ὺ

1451 2935 1566 2959 omne
1582 2923 1729 2959 bonum
1747 2923 1973 2971 completive
1994 2923 2274 2971 superveniens,
2290 2930 2415 2971 potest
2434 2923 2505 2960 dici

1449 2975 1547 3012 finis.
1578 2976 1627 3012 Et
1654 2975 1967 3012 secundum-hoc
1995 2975 2081 3012 dicit
2109 2975 2374 3023 Philosophus,
2405 2976 2443 3012 in
2471 2977 2506 3012 X

1448 3029 1568 3065 Ethic.
1583 3027 1614 3075 *,
1635 3028 1740 3076 quod
1759 3028 1948 3064 delectatio
1962 3028 2113 3076 perficit
2138 3029 2390 3075 operationem
2413 3029 2510 3065 sicut
2540 3040 2609 3061 100.
2618 3040 2656 3062 cit.
2666 3040 2744 3068 marg.

1449 3081 1601 3129 quidam
1619 3081 1882 3128 superveniens
1898 3081 2015 3126 finis.-
2043 3080 2268 3129 inquantum
2288 3081 2426 3117 scilicet
2445 3094 2505 3118 su·
2534 3072 2555 3094 ³'

1449 3146 1516 3183 per
1548 3134 1622 3169 hoc
1657 3134 1801 3169 bonum
1838 3133 1940 3181 quod
1975 3139 2029 3169 est
2062 3133 2254 3181 operatio,
2288 3134 2507 3182 supervenit

1449 3186 1549 3223 aliud
1574 3186 1719 3222 bonum
1747 3186 1852 3233 quod
1881 3193 1937 3222 est
1965 3185 2174 3233 delectatio,
2203 3198 2300 3234 quae
2329 3186 2507 3234 importat

1450 3238 1720 3287 quietationem
1748 3238 1934 3286 appetitus
1962 3238 2000 3275 in
2029 3239 2132 3275 bono
2160 3239 2459 3287 praesupposito.
2480 3259 2503 3266 -

1452 3291 1629 3328 Secundo
1663 3290 1800 3338 modo,
1831 3302 1875 3327 ex
1909 3298 2017 3339 parte
2050 3303 2184 3328 causae
2222 3291 2375 3339 agentis.
2413 3292 2505 3327 Non

1451 3345 1606 3392 quidem
1645 3343 1807 3380 directe:
1846 3343 1934 3391 quia
1970 3343 2224 3392 Philosophus
2261 3343 2367 3390 dicit,
2403 3343 2441 3379 in
2470 3344 2504 3379 X

1448 3398 1568 3434 Ethic.
1588 3396 1618 3443 ²¹³,
1649 3396 1754 3444 quod
1771 3397 1921 3444 perficit
1937 3396 2125 3433 delectatio
2145 3396 2408 3444 operationem,
2429 3407 2503 3432 non
2531 3388 2667 3437 :lug—idem,
2688 3388 2742 3409 ¹³³⁶·

2536 2619 2544 2627 ·
2560 2618 2613 2640 nid.
2627 2624 2650 2639 n.
2661 2618 2682 2645 6,
2697 2618 2720 2640 8.

1503 3512 1529 3545 γ)
1545 3514 1659 3543 propter
1676 3511 1748 3544 quod
1765 3510 1868 3543 aliquid
1885 3514 1933 3536 est.
1950 3524 1969 3530 —
1981 3513 2095 3542 propter
2113 3509 2177 3541 quid
2195 3509 2276 3542 (quod
2294 3509 2386 3540 EFsB,
2405 3517 2458 3534 om.
2471 3509 2503 3542 L)

1449 3550 1489 3572 est
1506 3547 1608 3579 aliquid
1626 3546 1850 3571 ABCDEFGHIL.

2329 3596 2360 3620 30
