2852 4152
0 89 4 139 ἶ

0 150 7 198 ἑ

0 199 3 224 ἶ

0 225 5 258 l

0 276 4 296 ι

0 300 3 341 ÷

65 463 144 511 :⁴qu
156 463 219 510 53ad
231 469 248 484 1.

64 1406 92 1429 S.
139 1422 146 1429 .
160 1407 212 1428 lect.
227 1413 276 1429 vui.

63 1432 85 1444 ²·
95 1431 122 1455 S.
128 1432 174 1455 Th.
183 1433 235 1455 lect.
243 1439 276 1455 lv.

63 1470 76 1476 -
89 1458 145 1481 Did.
158 1459 199 1481 lib.
211 1459 278 1486 vm,

64 1490 117 1513 up.
131 1491 154 1513 v,
170 1491 193 1507 ιι.
207 1491 229 1508 2.

58 2297 186 2347 'effi-¹32¹
196 2301 271 2347 *tt-„²2

58 2355 149 2380 ¹⁸¹!sp

119 3215 176 3227 „hl

1020 254 1284 299 QUAESTIO
1314 255 1363 302 X,
1393 256 1686 293 ARTICULUS
1716 257 1746 293 11

301 328 476 360 secundum
499 334 659 365 naturam;
681 338 788 359 veram
804 339 931 360 causam
947 331 1088 367 reddidit,
1110 331 1274 362 intendens
1297 341 1355 370 pro

302 371 409 404 medio
424 381 583 402 assumere
598 373 687 413 quod
701 373 899 403 voluntatem
922 375 1022 405 sortiti
1041 385 1152 406 sumus
1172 385 1230 415 pro
1252 375 1353 411 nobis,

303 425 338 447 ac
360 424 416 455 per
438 416 511 452 hoc,
535 416 575 446 ad
597 416 763 456 proprium
791 417 913 447 bonum
940 419 1188 449 determinatam.
1211 419 1302 450 Unde
1326 425 1356 449 et

302 456 336 490 in
352 459 415 496 Qu.
433 460 472 490 de
489 459 614 497 Virtut„
630 466 684 490 art.
697 461 724 496 5,
743 466 772 490 et
786 460 915 491 inferius
928 461 961 491 in
977 472 1030 502 qu.
1043 473 1061 492 L
1071 462 1088 481 *
1103 469 1133 493 et
1147 473 1198 492 Lvr
1212 461 1256 498 **‚
1270 462 1356 492 nulla

302 502 400 533 virtus
422 503 456 533 in
478 502 642 534 voluntate
665 503 795 543 ponitur
818 505 857 534 ad
880 506 1045 545 proprium
1060 505 1194 536 volentis
1217 507 1354 543 bonum,

302 546 378 588 quia
400 548 440 576 ad
462 546 524 577 hoc
546 547 729 578 naturaliter
751 547 954 579 determinata
977 556 1033 580 est.

363 591 407 623 1V.
432 591 468 621 In
481 590 690 631 responsione
703 591 744 621 ad
759 591 899 631 primurn
914 593 1055 623 eiusdem
1077 593 1208 630 articuli,
1232 594 1355 624 adverte

302 634 536 667 distinctionem
553 635 591 664 de
606 635 779 665 voluntate.
792 635 1016 667 Consideratur
1032 637 1117 667 enim
1129 637 1354 677 multipliciter:

303 679 359 709 sed
381 685 537 719 quantum
553 679 593 708 ad
608 679 819 718 propositum,
836 679 936 710 littera
950 680 1088 712 insinuat
1103 680 1278 721 dupliciter,
1298 681 1355 712 sci-

301 722 375 753 licet
389 727 425 753 ut
440 732 502 759 res,
520 729 550 753 et
565 729 601 753 ut
620 732 723 753 causa.
740 723 797 753 Est
811 723 895 753 enirn
912 730 950 760 et,
968 724 1000 754 in
1015 734 1127 765 genere
1142 725 1196 761 rei,
1213 735 1260 755 res
1275 725 1355 761 talis,

303 772 381 806 puta
403 772 476 806 apta
498 772 570 796 nata
584 766 677 796 velle:
699 773 729 796 et
746 766 778 796 in
793 776 905 806 genere
922 778 1042 804 causae,
1066 778 1158 799 causa
1180 768 1259 804 talis,
1280 775 1356 808 puta

302 810 408 840 libera.
433 809 519 840 Cum
542 816 648 840 autem
671 810 817 841 voluntas
841 811 1043 851 distinguitur
1065 819 1173 843 contra
1196 818 1355 848 naturam,

303 863 369 884 non
393 853 594 894 distinguitur
608 861 644 884 ut
659 864 706 884 res
722 855 790 884 talis
807 862 915 886 contra
930 856 1025 886 talem
1040 865 1122 892 rem;
1142 856 1198 886 sed
1213 862 1248 886 ut
1263 865 1356 886 causa

303 897 378 940 talis-
397 904 506 928 contra
529 908 658 928 causam
679 898 783 928 talem.
808 899 864 930 Est
887 899 971 929 enim
987 909 1035 929 res
1051 899 1129 936 talis,
1153 899 1269 930 scilicet
1283 906 1356 939 apta

303 947 377 972 nata
398 941 488 978 velle,
513 949 622 973 natura
646 943 802 982 quaedam
820 943 938 973 habens
955 943 1013 973 sibi
1029 943 1252 979 connaturalia,
1277 943 1357 974 sicut

304 991 334 1015 et
357 991 475 1016 ceterae
498 992 641 1016 naturae:
668 986 721 1016 sed
744 986 813 1016 talis
837 996 943 1022 causa,
969 986 1084 1017 scilicet
1106 986 1215 1022 libera,
1239 993 1275 1017 ut
1298 986 1354 1023 sic,

304 1038 371 1059 non
394 1036 441 1060 est
462 1030 532 1060 talis
555 1039 648 1060 causa
671 1029 772 1070 qualis
788 1036 834 1060 est
848 1037 968 1060 natura.
988 1031 1074 1060 Haec
1096 1029 1180 1060 enim
1197 1037 1242 1060 est
1264 1040 1356 1061 causa

304 1072 379 1114 quia
402 1080 463 1104 est:
487 1084 522 1104 ac
538 1084 594 1114 per
609 1074 680 1110 hoc,
705 1080 751 1104 est
773 1083 866 1104 causa
889 1074 1093 1104 determinata
1108 1074 1146 1104 ad
1163 1084 1276 1104 unum.
1301 1075 1357 1104 Illa

302 1126 378 1147 vero
395 1127 487 1147 causa
503 1118 577 1158 quia
593 1118 676 1148 vult:
692 1127 727 1148 ac
744 1127 799 1157 per
814 1117 884 1154 hoc,
902 1124 948 1148 est
964 1128 1056 1148 causa
1070 1118 1165 1148 libera
1180 1119 1220 1148 ad
1235 1125 1356 1148 utrum-

302 1160 387 1191 libet.
416 1162 508 1195 Unde
538 1161 774 1201 distinguuntur
802 1161 949 1192 voluntas
979 1169 1009 1192 et
1038 1168 1148 1192 natura
1175 1162 1207 1192 in
1236 1162 1356 1192 ratione

304 1214 431 1242 causae,
461 1206 637 1236 secundum
660 1205 803 1246 proprias
826 1205 974 1235 causandi
1002 1205 1197 1236 differentias.
1226 1206 1357 1246 Propter

304 1249 391 1289 quod
408 1256 439 1280 et
452 1249 485 1279 in
501 1249 527 1280 11
542 1249 668 1290 Plirsic.
686 1246 702 1264 *
718 1255 748 1279 et
769 1248 801 1278 in
825 1248 868 1278 IX
886 1249 1068 1288 Metaphys.
1085 1249 1128 1285 **,
1152 1259 1218 1279 non
1242 1249 1301 1279 nisi
1323 1250 1355 1279 in

304 1291 413 1322 ordine
437 1302 604 1323 causarum
625 1292 676 1322 vel
697 1291 927 1331 principiorum
950 1292 1195 1331 distinguuntur.

369 1336 410 1367 Et
432 1337 458 1366 si
480 1337 514 1366 in
536 1337 585 1366 his
608 1335 800 1376 perspexeris
828 1336 916 1375 quod
946 1335 1026 1365 ratio
1054 1345 1164 1365 causae
1191 1336 1224 1364 in
1247 1342 1357 1366 natura

303 1385 423 1420 spectat
445 1380 484 1409 ad
508 1389 579 1410 eam
595 1379 792 1418 inquantum
814 1388 862 1408 res
886 1385 948 1414 est,
977 1378 1096 1408 videbis
1126 1379 1241 1418 pariter
1269 1380 1358 1419 quod

302 1423 637 1463 nummusque
660 1431 772 1452 causae
794 1421 949 1452 rationem
972 1422 1074 1452 habet.
1097 1422 1181 1452 Nam
1203 1429 1358 1462 quatenus

302 1461 351 1500 r‘es
373 1466 444 1497 talis
459 1472 514 1502 est,
534 1476 590 1506 per
605 1466 740 1496 modurn
759 1471 888 1495 naturae
910 1465 1124 1501 causalitatem
1139 1466 1248 1496 habet:
1269 1466 1358 1506 quid-

325 1509 381 1540 uid
396 1509 483 1540 enim
499 1515 605 1540 causat
620 1509 739 1550 aliquid
758 1508 833 1549 quia
844 1508 914 1539 talis
926 1519 974 1539 res
987 1515 1041 1544 est,
1060 1509 1240 1540 naturaliter
1252 1516 1359 1540 causat

302 1518 393 1585 iilud.
418 1553 584 1591 Quatenus
606 1563 680 1583 vero
705 1553 833 1583 electiva
855 1559 915 1589 est,
939 1562 995 1592 per
1018 1553 1154 1583 modum
1177 1553 1357 1593 proprium,

301 1597 382 1628 idest
396 1597 502 1634 libere,
515 1608 533 1628 a
545 1596 721 1638 proposito,
734 1597 774 1626 ad
785 1597 978 1632 utrumlibet,
996 1603 1064 1633 etc„
1078 1597 1291 1627 causalitatem
1303 1597 1358 1627 ha—

261 1678 263 1680 ,
302 1642 371 1678 bet,
394 1648 424 1673 et
446 1651 513 1672 non
536 1640 729 1672 naturaliter:
755 1640 910 1681 quidquid
934 1640 1018 1670 enim
1046 1647 1153 1671 causat
1175 1641 1250 1681 quia
1272 1641 1357 1677 vult,

300 1685 398 1717 libere
420 1693 537 1717 causat.
551 1703 572 1708 -
586 1685 627 1715 Et
649 1685 675 1715 si
699 1684 830 1715 ulterius
853 1685 1044 1724 perspexeris
1067 1685 1156 1725 quod
1179 1691 1300 1720 natura,
1324 1691 1359 1715 ut

302 1726 336 1760 in
353 1729 455 1760 littera
478 1729 599 1765 dicitur,
625 1735 671 1759 est
687 1738 779 1759 causa
796 1728 999 1759 essentialiter
1021 1728 1107 1768 prior
1131 1739 1224 1759 causa
1246 1729 1358 1758 volun-

300 1772 388 1810 tatia,
403 1774 479 1814 quia
502 1783 568 1803 esse
581 1773 615 1803 in
631 1782 829 1813 unoquoque
845 1779 892 1802 est
906 1772 993 1812 prius
1014 1781 1111 1812 quam
1127 1772 1259 1812 operari,
1284 1778 1356 1809 etc.;

301 1816 421 1847 videbis
443 1826 574 1858 quoque
587 1817 677 1857 quod
696 1816 842 1846 voluntas
859 1825 924 1846 non
939 1816 1046 1846 solum
1068 1822 1179 1846 natura
1201 1817 1357 1857 quaedam

302 1867 358 1898 est,
379 1861 433 1891 sed
449 1861 536 1901 prius
552 1861 646 1891 habet
661 1866 791 1890 naturae
806 1860 961 1890 rationem
976 1866 1006 1890 et
1021 1860 1244 1896 causalitatem,
1260 1870 1358 1900 quam

301 1905 475 1945 propriam.
498 1923 519 1928 —
543 1905 583 1935 Et
606 1904 631 1934 si
662 1911 824 1944 postremo
848 1905 1056 1944 penetraveris
1087 1904 1175 1944 quod
1198 1904 1230 1934 in
1256 1904 1355 1934 causis

303 1949 505 1980 essentialiter
521 1948 682 1984 ordinatis,
701 1948 876 1978 coniunctis
895 1948 927 1978 in
947 1958 1045 1978 unam
1064 1958 1140 1984 rem,
1157 1948 1190 1978 id
1209 1949 1297 1989 quod
1313 1955 1359 1978 est

301 1992 416 2033 prioris
439 2002 550 2024 causae
573 1992 753 2032 proprium,
778 1992 980 2032 participatur
1003 2003 1020 2022 a
1043 1991 1223 2032 posteriori,
1249 1999 1284 2022 ut
1305 2002 1356 2022 su-

295 2046 446 2076 premum
471 2036 574 2077 infimi
601 2037 740 2077 attingat
767 2036 911 2076 infimum
934 2037 1076 2076 supremi
1082 2044 1095 2073 ;
1123 2035 1242 2066 videbis
1270 2037 1358 2076 quod

300 2080 472 2111 voluntatis
487 2080 588 2120 prima
600 2090 696 2119 opera
713 2086 839 2119 oportet
854 2089 920 2110 esse
936 2080 1097 2116 naturalia,
1111 2086 1142 2110 et
1153 2080 1240 2119 prius
1255 2079 1358 2119 ipsam

300 2124 381 2155 velle
405 2124 524 2167 aliquid
547 2123 727 2155 naturaliter
749 2133 847 2163 quam
870 2123 976 2153 libere.

368 2168 409 2198 Et
430 2166 511 2198 hanc
535 2167 740 2198 subtilitatem
760 2167 786 2197 si
800 2166 990 2208 perspiciens
1014 2173 1148 2198 sectatus
1172 2167 1276 2203 fueris,
1301 2167 1358 2197 ha-

301 2210 388 2243 bebis
412 2211 526 2242 claram
551 2211 746 2242 solutionem
769 2211 910 2241 Scoticae
934 2210 1212 2250 argumentationis
1236 2211 1268 2241 in
1292 2221 1357 2240 ma-

299 2252 376 2287 teria
404 2255 442 2286 de
465 2253 666 2296 processione
690 2254 823 2296 Spiritus
845 2255 948 2285 Sancti
972 2261 1002 2285 et
1025 2255 1063 2284 de
1086 2254 1284 2285 naturalitate
1303 2264 1359 2285 vo-

298 2297 442 2340 luntatis:
455 2308 538 2341 quae
553 2298 661 2328 omnia
675 2298 708 2328 in
720 2298 825 2329 Prima
836 2298 926 2328 Parte
937 2298 955 2317 *
969 2305 1096 2332 tractata
1113 2305 1195 2329 sunt.
1213 2298 1360 2328 Distinxit

300 2339 386 2374 enim
413 2343 611 2373 voluntatem
639 2348 748 2373 contra
778 2348 940 2378 naturam,
973 2351 1038 2373 non
1063 2341 1169 2372 solum
1191 2342 1224 2372 in
1248 2351 1359 2382 genere

299 2390 420 2423 causae,
441 2386 495 2417 sed
517 2386 550 2417 in
573 2395 686 2426 genere
709 2386 767 2422 rei;
792 2392 822 2416 et
843 2385 916 2416 ideo
935 2385 1041 2417 intulit
1059 2385 1281 2416 omnimodam
1300 2386 1360 2416 dis-

298 2427 508 2471 parationem:
534 2439 607 2462 curn
631 2436 737 2461 tamen
761 2430 822 2460 sint
850 2439 960 2460 causae
991 2429 1194 2460 essentialiter
1217 2429 1358 2460 subordi-

2411 256 2458 292 85

1409 335 1512 369 natae,
1536 339 1573 363 ut
1595 333 1660 369 hic,
1684 340 1716 364 et
1736 334 1768 364 in
1792 345 1845 375 qu.
1871 345 1982 376 praec„
2006 344 2061 367 art.
2081 346 2119 376 4,
2144 337 2182 367 de
2205 347 2317 368 eorum
2339 337 2459 368 actibus

1409 383 1501 416 patet.
1517 377 1672 408 Voluntas
1695 378 1780 408 enim
1801 389 1866 409 non
1886 379 1992 410 solum
2011 380 2097 420 prius
2114 380 2206 411 habet
2222 388 2348 411 naturae
2365 382 2458 413 ratio-

1408 430 1496 457 nem,
1520 427 1556 450 ut
1570 420 1604 450 in
1625 421 1725 457 littera
1749 422 1870 458 dicitur,
1894 433 1991 463 quam
2015 424 2200 454 causalitatis
2224 425 2380 464 propriae;
2405 425 2459 457 sed

1407 463 1486 494 velle
1510 465 1648 494 naturale
1672 472 1797 505 oportet
1819 476 1885 496 esse
1901 466 2091 507 principium
2114 467 2240 498 volendi
2255 467 2359 498 libere.

1475 507 1527 538 Vl.
1552 507 1586 538 In
1602 509 1802 548 responsione
1827 510 1866 539 ad
1885 511 2068 546 secundum,
2094 511 2327 551 diligentissime
2346 518 2454 543 notato

1407 551 1582 581 doctrinam
1604 552 1647 582 ibi
1669 552 1815 583 traditam
1838 553 1917 584 circa
1941 554 2174 585 distinctionem
2202 555 2456 586 convenientium

1408 594 1501 624 alicui
1523 595 1716 632 naturaliter,
1748 596 1827 627 idest
1850 607 1905 637 per
1927 608 1960 628 se
1983 605 2013 628 et
2036 598 2211 629 secundum
2234 599 2455 635 substantiam,

1408 637 1441 668 in
1463 639 1688 679 consequentia
1710 639 1846 670 formam
1869 641 1917 671 vel
1941 649 2057 678 actum,
2076 649 2107 672 et
2121 642 2344 682 consequentia
2362 649 2458 673 mate-

1409 681 1487 712 riam
1501 682 1551 712 vel
1561 683 1751 724 potentiam;
1768 690 1798 714 et
1812 684 2025 715 conditionem
2042 686 2225 722 eorundem,
2242 685 2460 727 quod—scilicet

1409 725 1556 765 perseitas
1579 726 1611 755 in
1634 726 1694 756 illis
1717 726 1809 758 infert
1833 728 2036 759 coaevitatem
2059 729 2216 766 absolute,
2240 729 2272 759 in
2295 729 2360 760 istis
2383 740 2457 760 vero

1409 778 1475 798 non
1498 769 1650 805 absolute,
1674 770 1728 800 sed
1743 771 1830 810 quod
1853 771 1885 801 in
1905 779 1986 802 certa
2009 773 2224 813 dispositione.
2246 774 2287 804 Et
2306 782 2398 803 causa
2413 781 2459 804 est

1409 812 1579 843 differentia
1602 813 1681 843 inter
1699 815 1871 852 potentiam
1897 823 1927 846 et
1950 824 2073 853 actum,
2098 813 2133 847 ut
2155 817 2188 846 in
2210 817 2312 847 littera
2335 817 2455 848 dicitur.

1409 856 1455 886 Ex
1474 856 1531 886 hac
1554 856 1638 886 enim
1662 857 1803 888 doctrina
1824 858 1932 895 habes,
1957 860 2004 889 vir
2025 860 2131 896 docte,
2156 861 2244 901 quod
2266 870 2332 890 non
2354 861 2458 891 solum

1409 899 1552 939 aptitudo
1577 901 1616 930 ad
1639 908 1764 931 motum
1789 908 1818 932 et
1841 903 2056 942 operationem
2079 904 2160 935 inest
2182 904 2322 935 subiecto
2346 914 2400 944 per
2415 914 2457 941 se,

1410 950 1445 974 ut
1470 943 1602 983 gravitas
1626 951 1656 974 et
1679 944 1833 976 risibilitas
1842 955 1849 982 ;
1879 947 1932 976 sed
1959 954 2065 978 motus
2094 948 2161 988 ipse
2189 955 2219 978 et
2241 948 2399 988 operatio,
2423 955 2459 978 ut

1410 987 1576 1017 descensus
1600 994 1630 1018 et
1652 988 1741 1024 risus,
1766 995 1823 1020 etc.

1454 1031 1519 1061 VII.
1545 1031 1579 1060 In
1602 1033 1806 1071 responsione
1830 1033 1869 1063 ad
1891 1034 2027 1070 tertium,
2053 1035 2172 1066 elevato
2196 1042 2335 1066 mentem
2350 1035 2382 1066 in
2399 1036 2458 1066 cel-

1410 1074 1580 1105 situdinem
1604 1075 1762 1106 doctrinae
1784 1076 1892 1113 huius,
1918 1084 1948 1108 et
1970 1078 2089 1108 intuere
2113 1079 2200 1119 quod
2223 1089 2326 1109 unum
2348 1079 2458 1110 indivi-

1410 1119 1511 1148 duum
1533 1119 1745 1150 immaterialis
1769 1120 1886 1150 ordinis
1910 1122 2084 1161 aequivalet
2103 1133 2169 1152 non
2187 1130 2312 1154 tantum
2330 1123 2458 1154 infinitis

1409 1162 1578 1192 individuis
1598 1163 1808 1194 materialibus
1827 1165 1885 1194 sub
1908 1174 1972 1194 una
1991 1166 2102 1205 specie,
2127 1167 2180 1196 sed
2199 1167 2293 1197 etiam
2316 1168 2374 1197 sub
2393 1175 2458 1197 uno

1409 1216 1535 1245 genere,
1560 1206 1654 1237 etiam
1683 1207 1827 1247 analogO.
1850 1208 1956 1238 Habes
1979 1209 2062 1239 enim
2085 1209 2136 1240 hic
2159 1211 2255 1250 quod,
2284 1220 2356 1240 cum
2380 1211 2458 1240 ordo

1410 1250 1545 1280 universi
1569 1250 1680 1281 habeat
1703 1251 1791 1290 quod
1810 1257 1921 1282 natura
1938 1252 2139 1283 determinata
2156 1253 2195 1284 sit
2215 1254 2253 1283 ad
2270 1264 2370 1284 unum
2386 1264 2459 1294 pro-

1410 1293 1634 1332 portionaliter,
1659 1294 1775 1325 scilicet
1796 1295 1950 1334 generice,
1976 1295 2117 1335 specifice
2139 1297 2189 1327 vel
2212 1297 2457 1333 individualiter;

1411 1346 1446 1366 ac
1469 1347 1524 1376 per
1547 1338 1617 1373 hoc,
1642 1339 1728 1368 bono
1747 1339 1899 1375 absolute,
1924 1349 1997 1370 cum
2012 1339 2051 1370 sit
2067 1350 2167 1370 unum
2186 1350 2297 1380 genere
2313 1341 2458 1380 analogo,

1411 1380 1568 1411 debuisset
1590 1382 1778 1420 respondere
1801 1389 1911 1413 natura
1933 1383 2038 1423 aliqua
2061 1393 2124 1414 una
2146 1385 2303 1424 generice;
2326 1391 2356 1415 et
2375 1385 2459 1415 simi—

1409 1423 1479 1453 liter
1501 1424 1665 1460 voluntati,
1690 1425 1765 1465 quia
1788 1433 1833 1455 est
1857 1436 1919 1456 una
1934 1427 2109 1457 secundum
2132 1428 2278 1467 speciem,
2303 1429 2459 1460 debuisset

1411 1467 1599 1507 respondere
1623 1470 1923 1511 unurnfsecundum
1946 1470 2099 1509 speciem:
2129 1472 2332 1502 subiunctum
2354 1479 2458 1502 tamen

1412 1517 1458 1540 est
1480 1511 1577 1551 quod,
1602 1511 1676 1551 quia
1698 1512 1844 1542 voluntas
1865 1519 1909 1543 est
1932 1513 2143 1544 immaterialis
2163 1515 2290 1551 ordinis,
2315 1516 2459 1553 determi-

1412 1561 1484 1584 nata
1499 1561 1546 1585 est
1562 1554 1601 1584 ad
1615 1564 1716 1584 unum
1732 1555 1763 1584 in
1783 1565 1894 1594 genere
1918 1557 2061 1596 analogo,
2086 1558 2208 1588 bonurn
2223 1559 2352 1595 scilicet;
2370 1559 2459 1599 quasi

1412 1604 1522 1628 natura
1545 1598 1757 1628 immaterialis
1781 1599 1968 1630 eminentius
1991 1601 2178 1639 praehabeat
2193 1602 2346 1642 quidquid
2362 1612 2459 1642 genus

1412 1642 1569 1681 speciesve
1592 1642 1728 1672 haberet.
1753 1643 1794 1672 Et
1815 1652 1885 1673 vere
1909 1643 1952 1673 sic
1982 1650 2037 1674 est.
2062 1645 2097 1673 In
2128 1645 2217 1687 cuius
2240 1645 2379 1685 signum,
2410 1647 2460 1678 hic

1411 1685 1586 1716 intellectus
1610 1692 1716 1715 noster
1738 1686 1912 1726 aequivalet
1927 1687 1985 1717 toti
2001 1687 2192 1719 universitati
2216 1699 2384 1729 corporeae
2407 1699 2460 1720 na-

1411 1736 1507 1759 turae.
1532 1729 1588 1759 Est
1611 1736 1716 1759 autem
1740 1730 1818 1760 ratio
1842 1730 1950 1766 huius,
1974 1731 2048 1770 quia
2069 1741 2151 1771 quae
2172 1738 2247 1762 sunt
2264 1733 2406 1772 dispersa
2429 1735 2459 1763 in

1411 1771 1631 1814 inferioribus,
1650 1779 1725 1803 sunt
1743 1775 1832 1804 unita
1847 1775 1878 1804 in
1898 1775 2064 1814 superiori.
2081 1775 2200 1805 Eadem
2224 1776 2308 1806 enim
2331 1777 2460 1812 ratione,

1410 1823 1495 1847 tanta
1511 1824 1557 1847 est
1572 1817 1748 1857 amplitudo
1772 1817 1984 1848 immaterialis
2000 1818 2167 1858 potentiae,
2185 1826 2219 1850 ut
2238 1820 2373 1850 universi
2389 1820 2461 1850 sim·
2475 1843 2480 1846 -

1411 1861 1530 1900 pliciter
1553 1870 1649 1900 capax
1671 1861 1719 1891 sit.

1476 1905 1557 1935 VIII.
1582 1905 1618 1934 In
1642 1905 1751 1935 eadem
1769 1905 1982 1944 responsione,
2008 1913 2125 1942 caveto,
2146 1907 2271 1943 novitie‚
2296 1918 2335 1938 ne
2350 1907 2460 1938 indefi-

1410 1948 1475 1979 nita
1497 1959 1555 1988 pro
1580 1948 1745 1979 universali
1762 1958 1794 1978 se
1810 1948 1864 1978 tibi
1888 1948 2008 1985 offerat;
2033 1957 2063 1980 et
2086 1951 2285 1981 contrarietas
2313 1952 2392 1982 inter
2415 1962 2461 1982 re-

1410 1992 1591 2032 sponsionis
1614 1992 1708 2022 huius
1732 1992 1848 2022 calcem
1863 1999 1893 2022 et
1909 1992 2048 2032 corporis
2072 1993 2192 2023 articuli
2214 1994 2363 2034 insurgat,
2384 1995 2461 2025 dum

1409 2036 1452 2066 ibi
1476 2037 1596 2066 dictum
1620 2043 1665 2066 est
1683 2036 1838 2076 quaedam
1860 2046 1925 2066 esse
1945 2036 2141 2076 particularia
2157 2038 2241 2067 bona
2260 2039 2318 2069 sub
2337 2039 2460 2069 obiecto

1409 2080 1580 2110 voluntatis
1603 2085 1759 2116 contenta,
1782 2080 1822 2109 ad
1841 2089 1922 2120 quae
1944 2080 2090 2110 voluntas
2109 2081 2288 2112 naturaliter
2302 2083 2409 2118 tendit,
2426 2093 2460 2113 ac

1410 2134 1465 2164 per
1481 2124 1542 2154 hoc
1561 2124 1764 2154 determinata
1788 2130 1833 2154 est
1849 2123 2037 2159 naturaliter,
2054 2131 2089 2154 ut
2105 2134 2181 2161 esse,
2198 2125 2309 2162 vivere,
2330 2133 2391 2162 etc;
2411 2126 2461 2156 hic

1411 2175 1517 2198 autem
1540 2167 1661 2203 dicitur,
1686 2167 1750 2197 Sub
1773 2167 1852 2197 bono
1875 2168 2041 2198 communi.
2066 2168 2242 2208 Utrobique
2265 2169 2349 2199 enim
2376 2170 2461 2200 inde—

1409 2211 1504 2247 finita,
1525 2221 1580 2241 seu
1595 2210 1788 2250 particularis
1805 2217 1851 2240 est
1866 2211 2005 2240 locutio:
2023 2217 2052 2241 et
2066 2218 2232 2251 propterea
2248 2219 2357 2243 neutra
2372 2213 2458 2243 alteri

1411 2261 1573 2295 repugnat.
1597 2254 1659 2284 Hic
1688 2253 1772 2283 enim
1796 2263 1935 2294 expresse
1959 2253 2080 2291 dicitur,
2109 2255 2173 2285 Sub
2196 2255 2274 2286 bono
2302 2257 2462 2286 communi

1412 2299 1512 2328 multa
1532 2297 1850 2338 comprehenduntur,
1875 2297 1918 2328 ad
1932 2307 2066 2338 quorum
2091 2299 2214 2328 nullum
2234 2299 2464 2330 determinatur

1413 2343 1575 2373 voluntas.-
1589 2359 1611 2364 -
1626 2342 1727 2372 multa
1743 2341 1831 2377 dixit,
1856 2351 1922 2371 non
1940 2343 2057 2372 omnia.
2081 2342 2126 2372 Ibi
2150 2352 2278 2384 quoque
2301 2343 2463 2374 manifeste

1413 2386 1450 2416 de
1467 2385 1666 2427 quibusdam,
1684 2385 1800 2415 scilicet
1815 2385 2072 2416 convenientibus
2084 2386 2201 2416 volenti
2218 2387 2391 2418 secundum
2411 2398 2464 2422 na-

1414 2437 1527 2466 turam,
1552 2428 1703 2470 loquitur.

1063 2573 1378 2616 ARTICULUS
1407 2572 1703 2637 SECUNDUS

658 2664 815 2695 UTRUM
838 2663 1070 2695 VOLUNTAS
1094 2663 1338 2694 MOVEATUR
1360 2664 1417 2694 DE
1441 2663 1735 2694 NECESSlTATE
1757 2666 1787 2694 A
1809 2664 1892 2694 sno
1916 2663 2104 2696 OBIECTO

740 2742 807 2767 Part.
826 2741 849 2774 l,
869 2750 912 2776 qu.
931 2750 1020 2771 Lxxxn,
1039 2747 1084 2767 art.
1109 2750 1129 2773 ι,
1151 2749 1179 2772 2;
1198 2742 1219 2766 11
1239 2742 1321 2770 Sent„
1341 2742 1398 2766 dist.
1417 2750 1472 2771 xxv,
1492 2747 1537 2767 art.
1559 2750 1572 2766 2
1579 2751 1586 2773 ;
1607 2742 1648 2767 De
1671 2742 1760 2772 Verit„
1780 2751 1825 2775 qu.
1843 2750 1905 2772 xxn,
1925 2747 1971 2778 art.
1991 2741 2007 2767 6
2014 2751 2021 2774 ;

1083 2777 1126 2802 De
1143 2777 1225 2807 Malo,
1245 2785 1289 2810 qu.
1307 2784 1347 2807 vr;
1366 2778 1375 2801 I
1394 2777 1547 2807 Periherm„
1567 2778 1624 2802 lect.
1642 2785 1692 2803 xrv.

327 2882 394 2924 2525?
436 2888 498 2929 m<-
513 2878 535 2903 n
551 2877 740 2903 SECUNDUM
755 2877 809 2902 sm
823 2877 1062 2903 paocanrrua.
1078 2865 1236 2903 Videtur
1251 2865 1355 2916 quod

327 2923 415 2965 'aas
430 2909 487 2962 “³253
512 2919 690 2956 voluntas
710 2918 758 2955 de
778 2919 999 2956 necessitate
1023 2926 1226 2956 moveatur
1244 2931 1268 2955 a
1286 2930 1355 2955 suo

319 2962 366 3029 'ff
377 2970 438 3014 (rs,
449 2958 481 3019 '²55
494 2969 501 2975 ⁴
514 2972 678 3008 obiecto.
697 2971 900 3008 obiectum
918 2971 1020 3008 enim
1034 2972 1237 3008 voluntatis
1254 2983 1359 3008 com—

321 2998 455 3061 14⁴²)
469 3016 501 3052 ⁸*-
515 3031 668 3073 paratur
687 3025 735 3061 ad
756 3024 878 3072 ipsam
899 3024 994 3060 sicut
1007 3023 1196 3060 motivum
1212 3024 1260 3060 ad
1274 3036 1358 3060 mo-

304 3078 394 3124 bile,
423 3084 466 3114 ut
493 3083 596 3126 patet
620 3077 658 3113 in
683 3078 732 3113 III
758 3077 803 3113 de
825 3077 965 3113 Anima
984 3076 1015 3113 *.
1047 3076 1124 3113 Sed
1152 3077 1356 3122 motivum,

304 3131 334 3167 si
369 3130 414 3167 sit
448 3130 662 3178 sufficiens,
700 3142 747 3166 ex
780 3129 1000 3166 necessitate
1037 3137 1170 3165 movet
1205 3128 1358 3166 mobile.

304 3183 406 3231 Ergo
426 3182 602 3220 voluntas
622 3193 668 3219 ex
687 3182 910 3220 necessitate
932 3189 1057 3230 potest
1081 3182 1230 3219 moveri
1248 3194 1271 3219 a
1289 3193 1359 3218 suo

306 3236 468 3274 obiecto.

360 3301 396 3326 2.
417 3289 655 3334 Pam-enm,
682 3287 778 3324 sicut
810 3288 986 3324 voluntas
1015 3294 1070 3323 est
1102 3287 1161 3324 vis
1188 3286 1361 3324 immate-

306 3341 425 3389 rialis,
450 3341 501 3377 ita
530 3348 565 3377 et
592 3340 821 3377 intellectus:
848 3346 884 3376 et
918 3347 1078 3388 utraque
1114 3339 1283 3389 potentia
1314 3339 1363 3376 ad

307 3394 499 3432 obiectum
527 3393 741 3430 universale
770 3392 976 3441 ordinatur,
1004 3400 1046 3429 ut
1074 3393 1214 3430 dictum
1249 3399 1303 3429 est
1330 3390 1362 3428 ¹¹⁵.

309 3447 385 3485 Sed
405 3446 612 3484 intellectus
632 3459 677 3483 ex
696 3446 917 3484 necessitate
937 3453 1114 3483 movetur
1133 3458 1155 3482 a
1174 3458 1243 3482 suo
1260 3444 1364 3482 obie-

309 3508 382 3538 cto.
403 3501 505 3548 Ergo
535 3507 570 3536 et
597 3500 775 3537 voluntas
802 3511 825 3536 a
852 3511 933 3536 suo,

363 3554 398 3590 3.
418 3554 660 3601 PRAETEREA,
691 3564 807 3589 omne
835 3552 941 3600 quod
977 3552 1061 3600 quis
1087 3551 1188 3599 vult,
1218 3558 1282 3587 aut
1310 3557 1366 3586 est

1411 2865 1507 2912 finis,
1529 2866 1592 2901 'aut
1620 2865 1761 2914 aliquid
1780 2866 1993 2904 ordinatum
2018 2865 2066 2902 ad
2089 2865 2219 2902 finem.
2251 2866 2326 2904 Sed
2345 2867 2464 2903 finem

1413 2917 1545 2966 aliquis
1574 2930 1619 2954 ex
1647 2918 1868 2955 necessitate
1895 2919 1995 2965 vult,
2024 2926 2065 2953 ut
2093 2917 2262 2954 videtur:
2293 2919 2381 2967 quia
2410 2926 2464 2955 est

1413 2971 1508 3007 sicut
1535 2970 1760 3019 principium
1789 2972 1827 3008 in
1855 2970 2110 3019 speculativis,
2141 2970 2201 3006 cui
2230 2982 2276 3006 ex
2303 2971 2465 3008 necessi-

1413 3030 1487 3059 tate
1516 3023 1752 3060 assentimus.
1783 3024 1885 3060 Finis
1904 3031 2031 3060 autem
2061 3031 2116 3060 est
2135 3022 2228 3059 ratio
2247 3024 2401 3061 volendi
2420 3011 2490 3060 ea'

1415 3086 1514 3122 quae
1542 3084 1629 3112 sunt
1651 3070 1705 3112 'ad
1733 3077 1870 3113 finem:
1901 3082 1937 3112 et
1964 3076 2016 3112 sic
2044 3075 2194 3113 videtur
2222 3077 2326 3124 quod
2355 3076 2466 3113 etiam

1417 3140 1461 3164 ea
1489 3139 1587 3175 quae
1616 3135 1702 3165 sunt
1729 3130 1777 3166 ad
1804 3129 1941 3177 finem,
1971 3141 2016 3166 ex
2044 3127 2263 3166 necessitate
2291 3129 2464 3166 velimus.

1415 3181 1599 3217 Voluntas
1643 3193 1730 3229 ergo
1773 3194 1818 3218 ex
1859 3181 2083 3218 necessitate
2122 3189 2300 3218 movetur
2336 3194 2359 3218 a
2395 3193 2464 3218 suo

1417 3234 1578 3271 obiecto.

1472 3287 1545 3323 SED
1566 3297 1709 3323 CONTRA
1737 3297 1803 3323 EST
1829 3287 1933 3334 quod
1952 3286 2140 3336 potentiae
2167 3286 2381 3333 rationales,
2412 3298 2468 3322 se·

1419 3340 1587 3376 cundum
1615 3339 1891 3388 Philosophum
1918 3339 1956 3386 ²¹⁵,
1986 3347 2072 3376 sunt
2099 3339 2147 3376 ad
2176 3339 2360 3388 opposita.
2391 3338 2468 3375 Sed

1417 3392 1592 3429 voluntas
1621 3399 1676 3428 est
1702 3391 1870 3440 potentia
1897 3391 2102 3429 rationalis:
2133 3398 2188 3428 est
2216 3392 2318 3428 enim
2347 3392 2383 3428 in
2408 3402 2469 3427 ra-

1418 3445 1526 3491 tione,
1547 3452 1588 3481 ut
1616 3443 1750 3482 dicitur
1776 3444 1814 3481 in
1842 3445 1892 3481 111
1916 3445 1962 3481 de
1987 3445 2127 3481 Anima
2154 3444 2184 3481 ²¹⁶.
2206 3445 2306 3491 Ergo
2334 3445 2469 3480 volun-

1418 3505 1474 3534 tas
1503 3511 1542 3534 se
1571 3498 1685 3534 habet
1712 3498 1761 3535 ad
1789 3497 1972 3546 opposita.
2000 3498 2090 3534 Non
2120 3509 2208 3544 ergo
2237 3509 2281 3533 ex
2310 3496 2472 3533 necessi-

1419 3558 1492 3587 tate
1523 3558 1701 3587 movetur
1729 3551 1775 3587 ad
1804 3551 1960 3587 alterum
1990 3550 2262 3599 oppositorum.

2496 3338 2504 3346 ⁶
2515 3336 2653 3364 Metaphys,
2664 3337 2704 3358 lib.

2497 3363 2557 3387 Vm.
2573 3369 2623 3390 cap.
2639 3368 2665 3389 ιι,
2681 3369 2705 3383 n.

2497 3395 2516 3410 2.
2524 3401 2534 3405 -
2541 3389 2656 3411 S.Th.lib.
2664 3389 2704 3415 lx,

2498 3416 2548 3437 lect.
2560 3421 2584 3436 ιι,

2497 3449 2505 3456 ·
2522 3447 2577 3474 Cap.
2588 3453 2618 3471 ix,
2629 3452 2651 3467 n.
2661 3452 2681 3473 3.
2694 3457 2704 3461 -

2498 3473 2571 3495 S.Th.
2582 3473 2632 3494 lect.
2643 3478 2689 3493 11V.
