2852 4152
90 1353 98 1362 '¹
116 1352 164 1379 Qu.
174 1357 209 1377 111,
224 1355 266 1373 art.
277 1352 299 1374 8.

90 1459 99 1468 '¹
113 1457 164 1479 Art.
178 1458 283 1485 praeced.

84 1980 94 1991 ⁸
110 1979 175 2002 Vers.
192 1987 220 2008 ¹7·

81 2587 90 2596 ·
107 2585 184 2607 Ethic.
208 2585 246 2607 lib.
267 2586 289 2613 1,

82 2617 290 2660 ⁰?'fh¹¹1¹e¹a.¹¹212³

80 2644 251 2691 {Cfscapwin
284 2655 290 2661 ⁰

80 2696 290 2745 zafftztxtffllai

339 222 391 257 44

992 214 1256 259 QUAESTIO
1288 215 1352 261 IV,
1382 216 1676 253 ARTICULUS
1705 216 1768 262 VI,
1797 217 1865 253 V11

339 295 384 319 ter
407 299 502 328 penes
526 299 683 319 accessum
702 290 929 331 cuiuscumque
948 290 1097 331 requisiti,
1116 291 1256 330 operatio
1276 301 1330 321 seu
1350 301 1397 321 res
1452 292 1602 331 primum,
1626 293 1733 333 gloria
1758 295 1934 325 essentialis
1951 295 2153 327 beatitudinis
2171 307 2237 328 non
2253 304 2298 329 est
2313 297 2514 337 intelligenda

340 332 506 372 perfectior
529 340 583 363 est.
605 333 757 364 Intensior
775 341 891 370 autem,
907 344 973 364 non
997 335 1055 364 nisi
1075 345 1170 374 penes
1190 341 1397 373 augmentum
1452 335 1625 372 intrinsece,
1651 343 1802 377 tanquam
1827 337 1864 367 de
1888 339 2020 370 essentia
2044 341 2257 377 beatitudinis;
2283 342 2337 371 sed
2360 348 2513 382 tanquam

338 376 552 413 intrinsecum,
578 384 633 407 etc.
651 378 690 407 Et
713 387 768 418 per
790 378 867 408 haec
891 378 998 408 omnia
1022 379 1101 408 clara
1125 385 1296 408 remanent.

392 421 442 451 IV.
469 421 503 450 In
528 421 653 461 reliquis
677 428 784 451 autem
806 422 900 452 huius
924 422 1117 462 quaestionis
1134 421 1231 451 tribus
1249 420 1395 457 articulis,

1453 389 1546 409 causa
1569 380 1739 410 essentialis
1763 380 1856 411 illius.
1882 381 2044 419 Quoniam
2068 394 2105 414 ex
2127 385 2187 415 hoc
2211 385 2299 425 quod
2322 386 2408 416 Deus
2425 395 2511 416 com-

1452 423 1580 453 mendat
1602 423 1687 453 hunc
1711 423 1764 453 tali
1788 424 1921 463 dignum
1941 426 2048 465 gradu,
2070 427 2178 458 beatus
2193 427 2228 459 fit
2248 435 2278 459 et
2297 436 2358 460 est:
2381 429 2510 459 scientia

338 464 415 494 nihil
439 464 639 494 scribendum
663 465 807 501 occurrit,
832 465 890 495 nisi
915 466 1002 505 quod
1018 466 1050 495 in
1067 465 1180 495 ultimo
1198 464 1339 500 articulo,
1357 465 1396 494 ad
1452 475 1589 506 namque
1612 467 1680 502 Dei,
1707 477 1780 497 cum
1803 467 1905 505 laude,
1930 479 2023 500 causa
2046 477 2092 502 est
2115 472 2282 512 perfectiva
2305 482 2419 503 rerum.

1146 616 1463 658 ARTICULUS
1494 617 1701 659 SEXTUS

629 710 783 740 UTRUM
807 710 864 739 AD
888 709 1217 740 BEATITUDINEM
1241 710 1524 747 REQUIRATUR
1547 710 1711 747 ALIQUA
1734 711 1976 745 PERFECTIO
2000 714 2212 747 coRPoms

896 786 963 810 Part.
982 786 1021 816 111,
1042 794 1086 819 qu.
1104 794 1144 817 xv,
1165 792 1211 811 art.
1235 794 1265 811 10
1272 795 1279 818 ς
1299 787 1333 811 lV
1352 787 1435 817 Sent„
1455 788 1514 813 dist.
1533 795 1599 818 xux,
1619 795 1663 820 qu.
1682 795 1716 818 w,
1736 793 1782 813 art.
1805 788 1828 819 5,
1847 791 1894 821 qu·
1916 797 1939 815 2.

388 882 429 915 ,ω
546 879 568 903 1)
596 877 736 902 SEXTUM
764 877 816 901 stc
846 876 1083 902 PROCEDITUR.
1104 866 1261 902 Videtur
1285 866 1390 914 quod

403 916 411 923 ⁶
461 909 527 969 ‘'fj-
545 918 723 966 perfectio
761 917 930 966 corporis
973 930 1052 954 non
1095 919 1305 965 requiratur
1341 920 1389 955 ad

351 968 476 1016 ’γ’,ῑκ
494 968 815 1013 (beatitudinem
838 970 1004 1007 hominis
1023 971 1240 1019 perfectam.
1263 971 1389 1007 Perfe-

350 999 375 1029 ’ὁ
390 998 481 1054 &55ss
503 1015 617 1062 &etio
648 1022 746 1059 enirn
767 1023 936 1071 corporis
961 1030 1016 1059 est
1036 1024 1232 1071 quoddam
1255 1036 1388 1071 corpo-

330 1075 405 1111 rale
427 1075 584 1112 bonum.
615 1075 691 1112 Sed
711 1087 824 1124 supra
842 1075 862 1097 '¹‘
886 1082 1081 1112 ostensum
1103 1084 1158 1112 est
1176 1076 1279 1124 quod
1300 1077 1388 1112 bea-

329 1127 448 1164 titudo
478 1139 556 1165 non
585 1128 752 1164 consistit
779 1128 817 1164 in
847 1129 1106 1176 corporalibus
1135 1128 1256 1164 bonis.
1284 1129 1386 1176 Ergo

330 1181 378 1218 ad
417 1181 689 1218 beatitudinem
723 1181 887 1217 hominis
916 1193 994 1217 non
1031 1181 1230 1228 requiritur
1262 1181 1388 1230 aliqua

328 1233 494 1282 perfecta
523 1234 716 1282 dispositio
747 1233 928 1282 corporis.

383 1298 417 1323 2.
438 1288 669 1333 PRAETEREA,
691 1286 883 1323 beatitudo
902 1285 1068 1322 hominis
1089 1286 1256 1323 consistit
1274 1286 1312 1323 in
1331 1287 1387 1324 vi-

329 1340 432 1376 sione
462 1340 611 1377 divinae
641 1339 841 1386 essentiae,
870 1347 912 1375 ut
940 1347 1135 1376 ostensum
1165 1348 1221 1376 est
1247 1339 1278 1377 ³¹⁴.
1309 1341 1386 1377 Sed

327 1392 376 1429 ad
403 1393 502 1428 hanc
531 1391 792 1441 operationem
817 1391 907 1429 nihil
936 1392 1086 1429 exhibet
1106 1405 1256 1441 corpus,
1276 1400 1318 1429 ut
1334 1393 1385 1430 di-

327 1452 429 1481 ctum
459 1453 513 1482 est
525 1445 556 1482 ²¹².
587 1446 688 1493 Ergo
718 1445 820 1481 nulla
848 1445 1044 1494 dispositio
1065 1446 1234 1494 corporis
1263 1447 1386 1495 requi-

326 1498 417 1535 ritur
444 1498 493 1535 ad
521 1498 805 1535 beatitudinem.

381 1552 414 1587 3.
435 1552 667 1598 PRAETEREA,
689 1558 831 1600 quanto
861 1551 1068 1589 intellectus
1089 1560 1143 1589 est
1161 1552 1280 1600 magis
1300 1553 1383 1590 abs-

324 1611 463 1640 tractus
491 1617 514 1641 a
533 1616 705 1652 corpore,
738 1612 842 1641 tanto
871 1605 1072 1652 perfectius
1100 1605 1276 1653 intelligit.
1308 1606 1384 1643 Sed

325 1657 517 1694 beatitudo
537 1657 704 1694 consistit
731 1657 768 1694 in
789 1658 1060 1705 perfectissima
1089 1659 1310 1707 operatione
1329 1659 1383 1696 in-

325 1710 503 1747 tellectus.
533 1711 635 1758 Ergo
673 1718 822 1759 oportet
850 1711 1029 1748 omnibus
1057 1712 1183 1749 modis
1215 1711 1381 1749 animam

326 1774 407 1799 esse
445 1764 671 1800 abstractam
708 1776 730 1800 a
769 1776 940 1812 corpore.
981 1765 1097 1801 Nullo
1135 1777 1225 1812 ergo
1262 1766 1382 1803 modo

324 1816 524 1863 requiritur
561 1817 684 1865 aliqua
720 1816 916 1864 dispositio
950 1818 1119 1866 corporis
1147 1818 1196 1855 ad
1224 1818 1383 1855 beatitu-

324 1868 465 1906 dinem.

378 1922 451 1958 SED
480 1933 636 1967 CONTRA,
666 1922 891 1970 praemium·
908 1922 1053 1959 virtutis
1083 1930 1137 1959 est
1165 1923 1379 1961 beatitudo:

322 1974 424 2010 unde
452 1975 586 2011 dicitur
614 1974 852 2011 Ioan.x111*:
882 1976 993 2011 Beati
1018 1976 1134 2021 eritis,
1162 1977 1197 2012 si
1210 1977 1382 2023 feceritis

321 2039 377 2063 ea.
409 2027 486 2063 Sed
520 2026 666 2063 Sanctis
699 2027 969 2075 repromittitur
996 2040 1066 2076 pro
1099 2029 1273 2076 praemio
1302 2042 1381 2066 non

321 2080 446 2116 solum
474 2079 572 2117 visio
601 2079 673 2116 Dei
694 2087 730 2116 et
759 2080 968 2128 delectatio,
990 2081 1059 2118 sed
1078 2081 1191 2118 etiam
1212 2083 1380 2131 corporis

321 2133 423 2169 bona
451 2132 662 2181 dispositio:
693 2132 826 2170 dicitur
846 2133 947 2170 enim
968 2134 1086 2171 Isaiae
1114 2135 1178 2171 ult.
1199 2134 1239 2172 *ε
1277 2136 1380 2173 Vide-

321 2185 414 2231 bitis,
444 2191 479 2222 et
495 2185 675 2235 gaudebit
691 2197 758 2221 cor
776 2191 952 2233 vestrum,
973 2193 1010 2223 et
1026 2199 1110 2224 ossa
1129 2193 1252 2225 vestra
1273 2190 1383 2237 quasi

320 2239 436 2275 herba
450 2239 728 2288 germinabunt.
750 2236 852 2286 Ergo
872 2239 974 2276 bona
995 2239 1188 2289 dispositio
1211 2242 1379 2290 corporis

321 2291 524 2339 requiritur
551 2291 599 2327 ad
626 2291 910 2329 beatitudinem.

374 2345 598 2381 Rssspoum-:o
614 2355 797 2381 chENDUM
817 2345 932 2393 quod,
955 2344 983 2382 si
1004 2345 1205 2394 loquamur
1225 2346 1271 2383 de
1291 2347 1380 2384 bea-

320 2396 477 2434 titudine
496 2397 663 2433 hominis
696 2398 818 2445 qualis
836 2398 875 2435 in
903 2399 974 2435 hac
992 2398 1070 2435 vita
1090 2406 1216 2447 potest
1234 2400 1378 2448 haberi,

319 2451 562 2487 manifestum
591 2457 645 2486 est
677 2452 782 2498 quod
809 2451 858 2488 ad
883 2463 969 2488 eam
999 2464 1044 2488 ex
1072 2453 1293 2490 necessitate
1323 2466 1380 2490 re-

319 2503 478 2551 quiritur
506 2503 607 2539 bona
637 2502 830 2551 dispositio
861 2505 1042 2552 corporis.
1069 2505 1249 2543 Consistit
1276 2507 1378 2544 enim

318 2557 414 2592 haec
443 2561 459 2577 α
487 2555 693 2602 beatitudo,
724 2557 935 2594 secundum
973 2557 1251 2607 Philosophum
1279 2560 1310 2607 ⁹¹⁸,
1340 2561 1377 2597 in

319 2609 534 2657 operatione
562 2609 705 2645 virtutis
717 2610 921 2658 perfectae.
952 2610 1198 2648 Manifestum
1227 2619 1283 2649 est
1311 2626 1376 2649 au-

267 2672 290 2688 η·
318 2670 396 2699 tem
431 2662 535 2710 quod
562 2674 631 2710 per
657 2661 956 2700 invaletudinem
985 2664 1175 2712 corporis,
1205 2664 1243 2702 in
1272 2666 1378 2703 omni

319 2714 539 2764 operatione
566 2714 712 2752 virtutis
740 2716 859 2752 homo
889 2716 1062 2764 impediri
1090 2725 1226 2766 potest.

372 2768 448 2804 Sed
477 2768 505 2804 si
533 2768 736 2815 loquamur
768 2769 816 2805 de
849 2769 1080 2807 beatitudine
1112 2772 1289 2819 perfecta,
1324 2771 1377 2809 sic

318 2820 474 2868 quidam
505 2829 715 2869 posuerunt
733 2821 837 2870 quod
857 2835 935 2859 non
955 2823 1155 2872 requiritur
1181 2824 1230 2861 ad
1259 2825 1375 2862 beati-

317 2873 486 2911 tudinem
520 2873 644 2921 aliqua
677 2875 846 2924 corporis
868 2875 1081 2925 dispositio:
1110 2877 1231 2915 immo
1251 2877 1374 2926 requi-

369 2988 396 3020 α)
415 2988 487 3012 haec.
505 3001 525 3006 -
543 2988 604 3013 Orn.
624 2988 660 3018 H,
680 2988 831 3014 huiusmodi
850 2990 938 3015 ceteri.

1445 867 1538 904 ritur
1552 868 1601 904 ad
1621 880 1706 904 eam
1726 875 1768 904 ut
1787 869 1944 905 omnino
1966 869 2093 906 anima
2112 871 2158 908 sit
2176 884 2198 908 a
2218 885 2377 922 corpore
2397 886 2504 922 sepa-

1444 927 1535 956 rata.
1565 921 1676 957 Unde
1702 921 1946 969 Augustinus,
1967 923 2074 958 XXII
2094 923 2140 959 de
2158 924 2237 961 Civ.
2252 926 2327 962 Dei
2339 925 2370 973 ²¹⁶,
2390 926 2505 963 intro-

1445 972 1546 1008 ducit
1563 973 1684 1009 verba
1707 974 1907 1022 Porphyrii
1931 974 2086 1011 dicentis
2107 976 2211 1024 quod
2237 978 2289 1014 ad
2313 979 2385 1015 hoc
2405 981 2507 1027 quod

1443 1025 1551 1060 beata
1569 1025 1617 1061 sit
1633 1026 1774 1071 anima,
1791 1038 1901 1064 omne
1915 1039 2051 1075 corpus
2058 1029 2291 1077 fugiendum
2306 1037 2368 1068 est.
2386 1051 2410 1058 -
2427 1032 2504 1069 Sed

1442 1077 1517 1112 hoc
1537 1084 1592 1113 est
1616 1077 1901 1115 inconveniens.
1932 1080 2032 1116 Cum
2053 1080 2154 1117 enirn
2174 1084 2342 1119 naturale
2362 1083 2408 1120 sit
2427 1084 2505 1121 ani-

1443 1141 1528 1165 mae
1554 1130 1704 1178 corpori
1726 1131 1835 1178 uniri,
1857 1144 1936 1168 non
1955 1140 2078 1181 potest
2098 1145 2180 1170 esse
2199 1135 2304 1183 quod
2322 1136 2502 1183 perfectio

1442 1182 1593 1219 animae
1622 1184 1833 1221 naturalem
1862 1184 1941 1221 eius
1968 1185 2242 1234 perfectionem
2271 1188 2455 1226 excludat.

1495 1236 1545 1272 Et
1571 1235 1659 1272 ideo
1689 1236 1892 1274 dicendum
1927 1245 1983 1274 est
2015 1239 2120 1288 quod
2153 1239 2201 1276 ad
2230 1240 2502 1278 beatitudinem

1442 1288 1621 1325 omnibus
1641 1289 1766 1326 modis
1785 1290 2004 1339 perfectam,
2025 1291 2224 1339 requiritur
2242 1293 2408 1342 perfecta
2428 1294 2502 1331 dis-

1439 1341 1578 1389 positio
1607 1342 1777 1391 corporis
1810 1351 1846 1380 et
1873 1343 2193 1395 antecedenteret
2212 1354 2499 1395 consequenter.

1440 1395 1721 1432 Antecedenter
1753 1396 1925 1445 quidem,
1956 1396 2055 1445 quia,
2084 1405 2126 1434 ut
2152 1398 2384 1446 Augustinus
2413 1399 2502 1437 dicit

1440 1448 1509 1484 XII
1529 1460 1642 1496 super
1673 1449 1764 1486 Gen.
1781 1450 1832 1485 ad
1849 1449 1912 1486 litt.
1933 1449 1965 1496 ²⁸,
1993 1450 2027 1486 si
2047 1450 2120 1487 tale
2146 1451 2192 1487 sit
2219 1463 2366 1500 corpus,
2394 1453 2500 1490 cuius

1437 1501 1486 1537 sit
1502 1501 1664 1549 difficilis
1682 1507 1716 1538 et
1733 1502 1865 1551 gravis
1883 1502 2168 1550 administratio,
2183 1504 2278 1540 sicut
2291 1516 2381 1541 caro
2401 1517 2499 1553 quae

1438 1555 1694 1603 corrumpitur
1720 1560 1756 1591 et
1780 1561 1975 1604 aggravat
1990 1556 2171 1603 animam,
2193 1557 2374 1594 avertitur
2393 1569 2499 1595 mens

1437 1608 1486 1644 ab
1514 1607 1578 1644 illa
1597 1608 1739 1644 visione
1756 1609 1896 1644 summi
1913 1609 2017 1645 caeli.
2038 1609 2150 1646 Unde
2171 1609 2361 1646 concludit
2379 1610 2496 1659 quod,

1437 1673 1523 1696 cum
1538 1662 1609 1697 hoc
1636 1673 1772 1709 corpus
1799 1661 1875 1697 iam
1904 1672 1978 1697 non
2008 1662 2079 1698 erit
2103 1662 2278 1708 animale,
2299 1663 2366 1700 sed
2389 1663 2498 1712 spiri-

1437 1713 1547 1760 tuale,
1576 1719 1664 1750 tunc
1690 1713 1836 1763 angelis
1854 1714 2137 1762 adaequabitur,
2157 1720 2193 1751 et
2209 1715 2280 1752 erit
2296 1716 2332 1752 ei
2347 1716 2399 1753 ad
2414 1716 2497 1766 glo-

1437 1767 1547 1813 riam,
1577 1767 1678 1814 quod
1701 1767 1875 1803 sarcinae
1896 1767 1982 1814 fuit.
2012 1788 2035 1794 -
2067 1768 2354 1816 Consequenter
2383 1781 2495 1816 vero,

1437 1819 1527 1867 quia
1555 1832 1600 1855 ex
1628 1819 1859 1856 beatitudine
1893 1819 2042 1857 animae
2076 1820 2143 1857 fiet
2170 1821 2420 1859 redundantia
2447 1823 2497 1860 ad

1437 1885 1586 1921 corpus,
1602 1880 1644 1908 ut
1664 1880 1699 1909 et
1717 1872 1844 1921 ipsum
1859 1885 1928 1909 sua
1942 1873 2173 1921 perfectione
2188 1874 2363 1922 potiatur.
2383 1875 2495 1912 Unde

1435 1924 1668 1972 Augustinus
1698 1925 1796 1971 dicit,
1821 1926 1860 1962 in
1879 1926 1999 1974 Epist.
2020 1927 2072 1963 ad
2088 1927 2315 1964 Dioscorum
2329 1927 2365 1965 *τ
2399 1929 2495 1966 Tam

1430 1978 1574 2025 potenti
1599 1983 1736 2014 natura
1763 1979 1867 2015 Deus
1883 1979 1983 2026 fecit
1998 1979 2179 2026 animam,
2202 1986 2240 2016 ut
2257 1992 2307 2017 ex
2325 1981 2403 2018 eius
2416 1981 2495 2030 ple-

1436 2030 1589 2067 nissima
1618 2031 1842 2067 beatitudine
1869 2031 2050 2068 redundet
2076 2032 2112 2069 in
2141 2033 2359 2080 inferiorem
2387 2040 2494 2071 natu-

1436 2095 1520 2120 ram
1549 2083 1838 2131 incorruptionis
1864 2084 1987 2133 vigor.

1488 2137 1547 2172 AD
1575 2147 1712 2173 ptumum
1740 2148 1838 2173 ERGO
1871 2148 2056 2174 Diei-:unum
2093 2138 2198 2185 quod
2231 2137 2270 2175 in
2308 2139 2495 2187 corporali

1421 2189 1540 2225 'bono
1561 2201 1639 2225 non
1659 2188 1826 2226 consistit
1845 2189 2038 2226 beatitudo
2068 2190 2164 2227 sicut
2181 2189 2219 2227 in
2240 2190 2388 2228 obiecto
2407 2191 2495 2228 bea-

1435 2240 1622 2279 titudinis:
1653 2241 1720 2278 sed
1749 2243 1946 2290 corporale
1974 2242 2121 2279 bonum
2148 2250 2274 2291 potest
2302 2244 2425 2280 facere
2445 2245 2495 2282 ad

1435 2293 1601 2343 aliquem
1630 2294 1869 2331 beatitudinis
1907 2295 2086 2331 decorem
2118 2296 2180 2332 vel
2207 2296 2491 2344 perfectionem.

1488 2348 1546 2383 AD
1575 2358 1764 2384 SECUNDUM
1792 2359 1977 2384 DICENDUM
1997 2348 2112 2396 quod,
2143 2348 2211 2385 etsi
2237 2361 2374 2398 corpus
2402 2349 2494 2387 nihil

1434 2400 1603 2436 conferat
1640 2400 1689 2437 ad
1723 2399 1826 2436 illam
1864 2400 2127 2449 operationem
2168 2401 2375 2439 intellectus
2418 2415 2494 2451 qua

1433 2452 1506 2489 Dei
1533 2452 1694 2489 essentia
1729 2452 1898 2503 videtur,
1927 2460 2057 2491 tamen
2090 2462 2220 2503 posset
2247 2455 2295 2492 ab
2323 2456 2396 2492 hac
2422 2455 2492 2494 im-

1432 2505 1573 2554 pedire.
1603 2506 1651 2542 Et
1678 2505 1764 2542 ideo
1799 2506 1997 2554 requiritur
2023 2507 2204 2555 perfectio
2234 2508 2424 2557 corporis,
2452 2516 2494 2546 ut

1432 2571 1512 2596 non
1539 2558 1722 2607 impediat
1750 2559 2004 2596 elevationem
2033 2560 2180 2597 mentis.

1485 2613 1544 2648 An
1573 2623 1732 2649 TERT1UM
1760 2624 1944 2650 D1CENDUM
1964 2612 2069 2661 quod
2097 2613 2146 2650 ad
2164 2613 2372 2662 perfectam
2401 2626 2492 2663 ope—

1432 2664 1618 2702 rationem
1647 2665 1854 2702 intellectus
1883 2665 2084 2713 requiritur
2107 2665 2262 2714 quidem
2289 2667 2491 2704 abstractio

1432 2718 1479 2754 ab
1508 2718 1583 2754 hoc
1612 2717 1843 2766 corruptibili
1872 2730 2044 2766 corpore,
2074 2719 2178 2766 quod
2207 2727 2387 2767 aggravat
2413 2719 2493 2757 ani-

1431 2782 1557 2807 mam:
1587 2783 1665 2807 non
1694 2778 1820 2808 autem
1839 2783 1862 2807 a
1882 2783 2042 2820 corpore
2070 2771 2262 2820 spirituali,
2292 2774 2396 2821 quod
2424 2773 2493 2810 erit

1431 2823 1592 2860 totaliter
1611 2823 1755 2872 spiritui
1770 2823 1995 2872 subiectum,
2017 2825 2064 2862 de
2084 2837 2162 2873 quo
2178 2825 2216 2862 in
2235 2826 2365 2862 Tertia
2379 2826 2492 2875 Parte

1428 2876 1540 2913 huius
1569 2876 1692 2925 operis
1721 2876 1865 2914 dicetur
1877 2876 1908 2914 ³¹⁸.

1099 3117 1416 3160 ARTICULUS
1447 3117 1712 3159 SEPTIMUS

641 3202 796 3233 UTRUM
819 3203 876 3232 AD
901 3203 1231 3235 BEATITumNEM
1255 3205 1570 3242 REQUIRANTUR
1590 3206 1755 3243 ALIQUA
1773 3205 2024 3237 EXTER1ORA
2046 3205 2164 3237 BONA

1148 3279 1179 3303 11·
1200 3279 1251 3310 11⁰,
1271 3287 1315 3312 qu.
1335 3286 1449 3311 cuxxvr,
1469 3284 1516 3305 art.
1537 3279 1560 3311 3,
1579 3281 1611 3305 ad
1629 3288 1655 3312 4.

402 3372 411 3387 ι
451 3378 480 3397 ,μ
527 3366 550 3391 n
570 3366 749 3392 SEPT1MUM
769 3368 821 3392 sm
837 3367 1076 3394 PROCEDITUR,
1092 3357 1252 3395 Videtur
1271 3358 1375 3406 quod
1430 3358 1533 3396 tinet.
1564 3359 1642 3397 Sed
1667 3359 1812 3396 Sanctis
1841 3359 2153 3409 repromittuntur
2171 3360 2354 3398 exteriora
2372 3362 2486 3409 bona,

385 3406 391 3413 ”
435 3395 501 3455 ”3⁴2
528 3407 577 3444 ad
606 3408 876 3446 beatitudinem
905 3409 1143 3458 requirantur
1171 3411 1285 3447 etiam
1316 3423 1376 3447 ex-

510 3459 664 3497 teriora
691 3462 805 3499 bona.
827 3462 943 3508 Quod
965 3462 1066 3499 enim
1095 3463 1134 3499 in
1161 3463 1374 3512 praemium
1431 3464 1532 3501 enirn
1562 3466 1655 3502 Luc.
1675 3465 1798 3502 xxu*:
1834 3467 1884 3503 Ut
1908 3466 2023 3503 edatis
2037 3471 2074 3503 et
2090 3466 2222 3503 bibatis
2246 3478 2359 3515 super
2385 3479 2487 3504 men·
2514 3486 2659 3516 ·v2r..30.

1431 3411 1525 3448 sicut
1553 3412 1658 3449 cibus
1687 3419 1724 3449 et
1749 3419 1874 3461 potus,
1910 3412 2061 3450 divitiae
2083 3420 2118 3450 et
2146 3425 2323 3461 regnum:
2354 3414 2490 3452 dicitur

2531 936 2543 947 ⁶
2557 936 2614 964 Cap.
2630 943 2694 960 xxvi.

2524 1463 2535 1475 ⁸¹
2551 1464 2609 1492 Cap.
2624 1470 2695 1487 xxxv.

2521 1935 2534 1946 ⁸
2543 1934 2563 1957 E
2581 1934 2619 1957 ist.
2630 1935 2734 1963 cxvm,

2521 1962 2550 1984 al.
2581 1961 2623 1990 VI,
2635 1967 2686 1990 cap.
2698 1967 2734 1984 ιιι.

2519 2837 2729 2886 ianhSupplem.

2519 2896 2600 2913 „mn
2614 2868 2666 2919 5¹44.
2690 2871 2731 2894 φ’·
