2846 4146
102 1603 219 1624 .i.1,l3„,

102 3281 117 3294 ·
129 3280 198 3303 Vm.
210 3286 245 3310 ²3·

1014 197 1279 243 QUAESTlo
1309 198 1448 245 Lxm,
1477 197 1773 236 ARTICULUS
1802 199 1834 235 11
2066 211 2085 227 s
2429 210 2507 246 407

344 275 408 325 qui
434 281 521 324 sunt
548 273 717 322 dispositi
744 273 806 310 v'el
835 273 969 311 melius
991 276 1053 311 vel
1080 275 1188 324 peius
1213 275 1262 312 ad
1286 287 1395 324 quas-

344 328 433 365 dam
459 326 637 363 virtutes:
665 333 779 374 prout
801 326 940 363 scilicet
966 327 1066 364 vires
1095 327 1285 376 quaedam
1314 340 1397 365 sen-

342 379 473 416 sitivae
488 385 592 415 actus
607 385 693 415 sunt
708 379 947 426 quarundam
966 380 1130 428 partium
1151 380 1331 428 corporis,
1353 392 1398 417 ex

342 443 504 480 quarum
533 430 777 479 dispositione
798 430 1025 469 adiuvantur
1050 433 1113 470 vel
1142 432 1398 481 impediuntur

342 483 560 521 huiusmodi
578 483 678 520 vires
697 483 735 519 in
755 483 831 519 suis
850 484 1006 532 actibus,
1024 492 1059 521 et
1077 497 1146 533 per
1160 497 1398 533 consequens

341 536 444 573 vires
461 535 674 583 rationales,
691 535 827 583 quibus
846 537 1065 575 huiusmodi
1084 538 1285 575 sensitivae
1297 538 1398 574 vires

343 588 573 626 deserviunt.
594 588 644 625 Et
670 589 881 625 secundum
900 590 985 636 hoc,
1009 602 1109 627 unus
1136 591 1254 627 homo
1284 591 1399 627 habet

342 641 554 678 naturalem
573 640 822 688 aptitudinem
842 641 892 678 ad
912 642 1122 689 scientiam,
1145 643 1238 679 alius
1258 643 1306 680 ad
1325 643 1398 679 for-

342 693 553 740 titudinem,
587 692 681 729 alius
710 693 758 730 ad
786 695 1086 742 temperantiam.
1112 696 1160 731 Et
1187 695 1245 732 his
1273 695 1398 732 modis

341 751 421 782 tam
447 745 604 782 virtutes
631 745 898 783 intellectuales
926 759 1042 796 quarn
1071 749 1245 795 morales,
1267 760 1398 784 secun-

343 798 436 834 dum
465 798 658 846 quandam
687 799 901 847 aptitudinis
928 800 1221 847 inchoationem,
1247 808 1334 837 sunt
1360 800 1398 836 in

342 849 453 886 nobis
481 862 503 886 a
531 857 675 887 natura.
701 873 723 878 —
754 852 845 888 Non
873 859 1000 888 autem
1033 853 1310 889 consummatio
1340 865 1399 889 ea-

343 913 440 939 rum.
470 902 570 949 Quia
598 911 731 941 natura
764 904 1032 941 determinatur
1059 905 1107 942 ad
1136 917 1278 941 unum:
1309 918 1397 942 con-

340 955 546 992 summatio
575 963 702 994 autem
722 957 942 994 huiusmodi
969 957 1150 994 virtutum
1169 970 1247 995 non
1267 965 1322 994 est
1341 970 1397 994 se-

341 1007 509 1045 cundum
526 1021 647 1046 unum
667 1010 829 1047 modum
853 1010 1023 1058 actionis,
1039 1011 1106 1047 sed
1122 1011 1398 1058 diversimode,

394 1121 417 1154 ε)
435 1121 582 1147 seminalia.
595 1135 613 1140 -
630 1122 775 1147 seminaria
794 1124 839 1149 Pa.

1451 275 1662 312 secundum
1697 275 1863 312 diversas
1898 275 2073 312 materias
2106 276 2144 312 in
2178 275 2314 324 quibus
2350 276 2507 312 virtutes

1451 335 1665 377 operantur,
1696 334 1733 364 et
1759 327 1971 365 secundum
2000 328 2168 364 diversas
2197 328 2506 365 circumstantias.

1505 380 1567 417 Sic
1600 392 1688 428 ergo
1717 387 1819 429 patet
1847 380 1952 428 quod
1979 380 2135 417 virtutes
2163 380 2199 416 in
2233 380 2342 417 nobis
2371 388 2458 417 sunt
2485 392 2508 416 a

1451 441 1584 470 natura
1619 432 1830 470 secundum
1855 432 2111 482 ‘aptitudinem
2141 440 2176 468 et
2204 432 2506 480 inchoationem,

1450 498 1529 522 non
1557 493 1686 522 autem
1706 485 1918 522 secundum
1945 485 2238 533 perfectionem:
2258 493 2407 533 praeter
2434 485 2507 521 vir-

1450 546 1547 575 tutes
1579 538 1823 585 theologicas,
1854 550 1953 586 quae
1986 545 2072 574 sunt
2103 537 2264 574 totaliter
2296 538 2343 574 ab
2374 537 2508 574 extrin—

1451 603 1551 627 seco.

1504 644 1554 680 Et
1579 655 1648 691 per
1674 644 1749 679 hoc
1777 650 1879 691 patet
1906 642 2103 692 responsio
2133 642 2180 679 ad
2215 641 2373 678 obiecta.
2403 642 2506 679 Nam

1451 695 1598 744 primae
1626 696 1724 732 duae
1744 695 1908 732 rationes
1925 696 2139 744 procedunt
2165 694 2377 731 secundum
2402 695 2507 742 quod

1452 747 1647 784 seminalia
1662 753 1673 769 ⁸
1688 747 1869 785 virtutum
1885 748 2012 784 insunt
2026 747 2136 784 nobis
2152 759 2174 783 a
2189 754 2332 794 natura,
2349 746 2507 795 inquan-

1451 808 1532 837 tum
1548 801 1748 837 rationales
1768 812 1911 837 sumus.
1926 821 1951 828 -
1967 800 2095 837 Tertia
2113 811 2207 836 vero
2227 799 2320 836 ratio
2336 799 2508 848 procedit

1453 854 1663 890 secundum
1692 853 1796 900 quod
1817 865 1861 889 ex
1881 852 2039 890 naturali
2060 852 2304 900 dispositione
2324 851 2505 900 corporis,

1453 917 1569 954 quam
1597 906 1712 941 habet
1739 917 1784 941 ex
1813 905 2015 952 nativitate,
2048 917 2148 941 unus
2183 905 2299 941 habet
2335 904 2508 953 aptitudi-

1454 970 1544 994 nem
1572 958 1620 994 ad
1649 957 1920 1005 miserendum,
1941 957 2034 994 alius
2061 957 2110 994 ad
2136 964 2343 1006 temperate
2371 957 2506 994 viven-

1454 1011 1559 1058 dum,
1589 1010 1682 1047 alius
1710 1010 1760 1047 ad
1787 1010 1900 1047 aliam
1927 1010 2115 1046 virtutem.

1011 1194 1340 1228 Commentafia
1363 1195 1611 1228 Cardinalis
1633 1195 1832 1228 Caietani

371 1291 391 1312 n
415 1290 546 1321 corpore
579 1281 672 1320 primi
701 1281 822 1311 articuli
849 1282 1042 1322 quaestionis
1070 1282 1396 1322 sexagesimaetertiae‚

343 1292 449 1356 Inota
470 1324 560 1366 quod
581 1323 660 1355 illud
687 1325 820 1354 verbum
849 1325 987 1361 litterae,
1012 1327 1174 1365 Hincipia
1204 1327 1399 1356 naturaliter

341 1370 470 1409 cognita
492 1373 568 1398 sunt
589 1368 763 1398 seminaria
780 1369 945 1404 virtutum,
962 1375 1067 1408 potest
1082 1369 1248 1409 dupliciter
1262 1369 1396 1409 exponi:

338 1407 670 1451 scilicet--simpIIciter,
694 1411 745 1441 vel
768 1412 983 1442 accommode.
1000 1412 1032 1443 Si
1048 1412 1134 1442 enim
1156 1412 1397 1452 interpretentur

303 1488 310 1494 ,
340 1455 517 1488 secundum
540 1454 794 1485 distributionem
817 1456 1069 1491 accommodam,
1094 1455 1214 1486 clarum
1241 1462 1287 1486 est
1310 1455 1398 1496 quod

259 1503 262 1506 ⁴
304 1539 309 1543 -
341 1498 495 1541 principia
519 1505 739 1530 consummata
762 1498 910 1529 dicuntur
939 1499 1105 1529 seminaria
1134 1506 1307 1530 ceterarum
1336 1499 1397 1529 vir-

341 1549 459 1582 tutum,
483 1543 564 1574 sicut
586 1542 710 1573 caelum
727 1541 842 1573 dicitur
864 1543 1024 1574 continere
1039 1543 1147 1573 omnia
1172 1552 1315 1583 corpora.
1329 1561 1351 1566 -
1365 1542 1399 1574 Si

342 1593 449 1619 autern
471 1587 684 1627 intelligantur
706 1586 904 1627 simpliciter,
927 1587 1008 1618 idest
1031 1587 1119 1627 quod
1146 1587 1208 1618 sint
1233 1586 1399 1617 seminaria

343 1631 490 1663 omnium
513 1630 695 1671 simpliciter
716 1630 880 1667 virtutum,
895 1638 972 1661 tunc
987 1638 1158 1662 sumuntur
1176 1630 1330 1671 principia
1352 1640 1398 1661 se-

343 1676 486 1707 cundum
507 1674 685 1706 naturalem
708 1684 820 1705 eorum
842 1674 1080 1705 inchoationem
1103 1675 1136 1705 in
1160 1675 1275 1705 anima.
1291 1675 1332 1705 Et
1355 1674 1399 1705 sic

343 1725 466 1751 constat
487 1718 576 1760 quod
592 1725 666 1749 sunt
680 1717 845 1748 seminaria
868 1719 1016 1749 omnium
1034 1719 1187 1750 virtutum
1206 1718 1398 1749 intellectua-

341 1762 422 1797 lium
445 1769 476 1794 et
496 1761 678 1798 morafiam,
703 1762 848 1802 quamvis
871 1762 1097 1793 diversimode:
1122 1762 1197 1803 quia
1222 1762 1398 1793 intellectus

339 1813 416 1838 sunt
433 1806 667 1842 inchoationes;
679 1806 825 1837 scientiae
839 1813 945 1836 autem
960 1814 991 1837 et
1005 1807 1197 1847 reliquarum
1213 1813 1287 1837 sunt
1301 1806 1399 1837 activa

340 1850 494 1892 principia
509 1850 644 1881 mediate
667 1850 718 1880 vel
732 1849 928 1886 immediate,
953 1858 990 1881 ut
1011 1857 1106 1891 patet.
1130 1851 1245 1882 Semen
1260 1860 1399 1890 namque

339 1901 374 1933 et
394 1894 606 1926 inchoationis
628 1901 659 1924 et
680 1893 827 1934 principii
849 1894 1004 1925 rationem
1022 1895 1126 1925 habet.
1372 1920 1374 1923 Α

387 1939 426 1970 11.
450 1938 487 1969 In
510 1938 625 1968 eodem
647 1937 778 1968 articulo
802 1938 907 1978 primo
931 1938 1072 1969 eiusdem
1096 1938 1290 1979 quaestionis
1314 1949 1399 1969 sexa-

341 1981 596 2024 gesImaetertiae,
612 1981 747 2012 dubium
768 1981 903 2012 occurrit
925 1982 963 2012 de
987 1992 1080 2012 causa
1103 1982 1222 2012 reddita
1244 1982 1277 2012 in
1299 1982 1400 2013 littera

343 2035 440 2067 quare
467 2025 702 2056 consummatio
725 2025 879 2056 virtutum
902 2036 968 2056 non
993 2033 1039 2057 est
1062 2036 1079 2056 a
1102 2025 1222 2062 natura,
1247 2026 1322 2066 quia
1346 2036 1401 2056 na-

343 2076 418 2101 tura
440 2075 487 2101 est
512 2069 723 2100 determinata
749 2069 792 2100 ad
814 2078 932 2107 unum;
954 2071 1184 2101 consummatio
1207 2075 1312 2100 autem
1337 2071 1399 2101 vir-

343 2119 446 2145 tutum
474 2123 536 2144 non
560 2118 607 2144 est
623 2113 797 2144 secundum
823 2123 921 2144 unum
949 2115 1075 2145 modum
1099 2115 1244 2151 actionis,
1271 2114 1328 2145 sed
1353 2115 1399 2145 di-

343 2158 530 2195 versimode,
549 2157 722 2188 secundum
743 2157 887 2188 diversas
905 2159 1058 2188 materias
1080 2159 1112 2188 in
1136 2158 1249 2199 quibus
1268 2159 1400 2189 virtutes

342 2207 529 2242 operantur,
546 2206 578 2231 et
598 2201 771 2231 secundum
795 2201 939 2232 diversas
962 2203 1227 2232 circumstantias.
1245 2202 1398 2238 Dubium,

342 2245 488 2287 inquam,
513 2252 560 2276 est
581 2254 647 2274 non
670 2245 709 2275 de
732 2251 796 2276 arte
820 2252 851 2276 et
872 2246 1039 2276 virtutibus
1070 2246 1253 2282 moralibus,
1278 2246 1333 2276 sed
1361 2246 1399 2276 de

339 2289 501 2320 intellectu
518 2295 549 2320 et
566 2288 704 2319 scientia.
721 2289 804 2319 Tam
820 2299 935 2329 nempe
950 2299 1009 2327 ars,
1025 2299 1123 2330 quarn
1137 2289 1235 2320 virtus
1258 2289 1398 2326 moralis,

341 2332 534 2373 principium
549 2339 596 2364 est
606 2339 694 2363 actus
711 2332 920 2363 diversimode
935 2343 969 2363 se
987 2333 1130 2364 habentis
1145 2333 1184 2363 ad
1200 2334 1336 2364 diversas
1351 2333 1400 2363 vel

341 2376 486 2407 materias
509 2377 559 2407 vel
582 2377 844 2407 circumstantias:
869 2377 1075 2417 temperantia
1099 2377 1184 2407 enim
1207 2377 1399 2417 principium

340 2426 388 2451 est
411 2420 653 2460 concupiscendi
676 2421 764 2451 aliter
787 2427 910 2461 potum,
935 2421 1022 2451 aliter
1051 2421 1168 2458 cibum,
1193 2421 1281 2451 aliter
1303 2431 1398 2457 nunc,

341 2464 430 2494 aliter
461 2471 549 2504 post,
574 2471 631 2495 etc.
657 2465 698 2495 Et
726 2465 789 2495 hoc
812 2475 848 2495 ex
871 2471 958 2504 parte
982 2465 1117 2504 agentis:
1142 2475 1217 2495 nam
1247 2475 1284 2495 ex
1312 2472 1399 2505 parte

341 2507 435 2547 passi,
459 2507 554 2538 etiam
578 2515 689 2539 natura
712 2509 800 2539 aliter
823 2515 853 2539 et
877 2509 964 2539 aliter
987 2508 1089 2539 efficit.
1114 2508 1155 2538 Et
1178 2515 1344 2548 propterea
1366 2508 1399 2538 in

339 2551 443 2582 littera
465 2558 610 2582 notanter
633 2552 754 2589 dicitur,
775 2552 948 2583 secundum
973 2562 1073 2583 unum
1095 2552 1222 2582 modum
1247 2553 1400 2583 actionis:

343 2595 424 2626 actio
448 2595 533 2625 enim
557 2606 594 2626 ex
616 2602 704 2636 parte
719 2596 838 2636 agentis
861 2606 894 2626 se
916 2603 1010 2627 tenet.
1026 2614 1046 2618 -
1062 2596 1124 2627 Sed
1146 2606 1212 2636 quo
1235 2603 1328 2636 pacto
1352 2596 1399 2626 in-

341 2637 483 2670 tellectus
507 2638 745 2680 principiorum,
770 2647 801 2670 et
823 2639 965 2671 similiter
987 2640 1115 2671 scientia
1139 2640 1254 2681 aliqua,
1271 2640 1399 2670 diversi-

340 2681 436 2713 mode
459 2682 522 2723 agit
544 2684 721 2714 secundum
744 2684 879 2715 diversas
902 2684 1048 2714 materias
1065 2684 1398 2720 aurcircumstantias,

1450 1292 1516 1312 non
1545 1289 1683 1322 apparet.
1706 1283 1789 1313 Nam
1821 1283 2013 1319 intellectus,
2038 1289 2103 1313 tam
2130 1283 2160 1313 in
2185 1283 2383 1323 speculativis
2410 1294 2508 1324 quam

1450 1326 1601 1365 practicis,
1614 1336 1680 1356 uno
1697 1327 1796 1356 modo
1809 1333 1966 1366 operatur,
1980 1327 2104 1363 scilicet,
2122 1327 2255 1366 cognitis
2270 1327 2420 1364 terminis,
2438 1328 2508 1358 solo

1451 1370 1585 1400 naturali
1600 1370 1731 1400 lumine.
1745 1370 1912 1407 Quaelibet
1927 1377 2033 1401 autem
2053 1370 2191 1406 scientia,
2207 1371 2455 1402 demonstrando
2472 1381 2509 1402 ex

1452 1423 1518 1443 uno
1530 1413 1635 1452 primo
1654 1414 1749 1452 [uno]
1768 1414 1877 1449 modo,
1891 1424 1989 1444 unam
2001 1420 2125 1444 tantum
2140 1414 2304 1444 materiam
2318 1415 2398 1446 circa
2410 1425 2509 1456 quam

1451 1464 1599 1492 versatur,
1614 1457 1716 1487 habet.
1729 1475 1750 1479 -
1768 1457 1809 1487 Et
1823 1467 1930 1487 rursus
1946 1458 1978 1487 in
1998 1457 2115 1497 angelis
2134 1464 2199 1488 tam
2213 1458 2388 1489 intellectus
2411 1469 2509 1499 quam

1451 1500 1578 1530 scientia
1602 1510 1620 1530 a
1642 1506 1753 1530 natura
1781 1501 1876 1530 etiam
1907 1501 2083 1531 secundum
2111 1502 2420 1533 consummationem
2444 1503 2508 1533 exi-

1452 1551 1546 1579 stens,
1563 1543 1741 1574 manifestat
1755 1544 1844 1584 quod
1867 1544 1969 1574 neutri
1985 1544 2125 1575 dissonat
2140 1555 2158 1574 a
2173 1552 2284 1575 natura
2300 1556 2376 1582 esse,
2394 1546 2511 1577 scilicet

1452 1587 1778 1618 consummationem:
1803 1594 1914 1617 natura
1937 1587 2021 1618 enim
2045 1594 2091 1618 est
2113 1588 2317 1620 determinata
2344 1590 2384 1620 ad
2407 1599 2510 1620 unum

1453 1642 1519 1662 non
1535 1631 1642 1661 solum
1657 1631 1690 1661 in
1709 1631 1810 1667 nobis,
1827 1631 1882 1661 sed
1906 1631 1939 1661 in
1968 1631 2084 1671 angelis
2103 1638 2133 1662 et
2151 1632 2184 1662 in
2200 1632 2280 1663 Deo.
2300 1633 2393 1663 Ratio
2416 1633 2511 1672 igitur

1452 1676 1571 1706 litterae
1595 1674 1726 1705 deficere
1749 1675 1882 1706 videtur.

1497 1719 1550 1749 111.
1567 1719 1617 1749 Ad
1640 1719 1702 1750 hoc
1725 1718 1839 1749 dicitur
1855 1718 1952 1759 quod,
1978 1718 2051 1759 quia
2068 1718 2221 1750 virtutum
2236 1719 2377 1756 istarum,
2395 1721 2511 1752 scilicet

1452 1763 1629 1794 intellectus
1652 1771 1682 1794 et
1705 1763 1860 1799 scientiae,
1885 1769 1972 1793 actus
1995 1762 2028 1792 in
2052 1763 2284 1803 compositione
2309 1764 2459 1801 consistit,
2476 1771 2512 1795 ut

1452 1814 1552 1848 patet;
1566 1814 1597 1838 et
1609 1806 1798 1847 compositio
1810 1807 1986 1837 secundum
1999 1806 2134 1836 diversas
2146 1807 2290 1838 materias
2302 1808 2511 1839 diversimode

1452 1862 1470 1881 a
1493 1858 1578 1882 recto
1601 1850 1636 1881 fit
1658 1850 1834 1881 intellectu:
1849 1868 1870 1873 -
1886 1850 1974 1881 aliter
1996 1850 2082 1880 enim
2105 1851 2272 1891 componit
2293 1852 2422 1882 scientia
2443 1862 2512 1882 rem

1452 1895 1593 1936 aliquam
1609 1905 1683 1926 cum
1705 1894 1835 1925 materia
1849 1901 1980 1931 remota,
2005 1900 2035 1924 et
2058 1894 2146 1925 aliter
2165 1905 2239 1925 cum
2254 1896 2383 1926 materia
2406 1906 2511 1927 neces-

1453 1939 1548 1975 saria;
1573 1946 1603 1970 et
1626 1938 1767 1969 similiter
1789 1938 1964 1969 intellectus
1980 1938 2068 1968 aliter
2088 1939 2254 1979 componit
2276 1949 2331 1970 ens
2355 1950 2428 1970 cum
2445 1950 2511 1970 non

1453 1990 1533 2019 ente,
1551 1989 1581 2013 et
1604 1982 1692 2013 aliter
1707 1989 1813 2013 totum
1836 1992 1910 2013 cum
1933 1989 2029 2022 parte,
2046 1981 2134 2012 aliter
2153 1983 2276 2014 bonum
2292 1990 2322 2014 et
2338 1983 2426 2014 aliter
2444 1994 2510 2014 ma-

1453 2027 1522 2058 lum
1538 2036 1612 2057 cum
1627 2027 1850 2066 prosecutione
1866 2033 1896 2057 et
1910 2026 2000 2066 fuga:
2017 2043 2039 2049 -
2057 2025 2129 2056 ideo
2147 2027 2380 2058 consummatio
2397 2028 2511 2058 harum

1453 2071 1607 2101 virtutum
1638 2080 1704 2100 non
1729 2077 1775 2101 est
1797 2070 1974 2101 secundum
1997 2079 2098 2100 unum
2122 2071 2257 2101 modum
2290 2071 2431 2107 actionis,
2456 2072 2511 2102 sed

1454 2114 1663 2145 diversimode
1677 2114 1854 2145 secundum
1870 2115 2005 2145 diversas
2023 2115 2177 2146 materias.
2197 2115 2238 2145 Et
2251 2116 2396 2156 quamvis
2415 2115 2511 2146 unico

1453 2158 1687 2199 generalissimo
1711 2159 1827 2195 modo,
1850 2158 1966 2190 scilieet
1989 2159 2232 2199 componendo,
2257 2166 2288 2190 et
2311 2169 2374 2190 una
2401 2169 2510 2190 secun-

1454 2203 1532 2233 dum
1547 2203 1703 2233 rationem
1719 2202 1886 2232 formalem
1901 2203 2040 2238 materia,
2056 2203 2136 2233 idest
2151 2203 2285 2239 obiecto,
2302 2203 2395 2234 unica
2413 2203 2511 2234 virtus

1455 2253 1576 2282 utatur;
1593 2256 1667 2276 cum
1682 2246 1800 2277 unitate
1817 2253 1923 2277 tamen
1938 2246 2055 2276 horum
2071 2253 2131 2277 stat
2146 2246 2306 2278 diversitas
2324 2247 2508 2287 specialium

1453 2290 1626 2320 modorum
1645 2290 1777 2321 actionis
1800 2300 1837 2320 ex
1859 2297 1946 2330 parte
1963 2290 2082 2330 agentis
2098 2290 2274 2321 secundum
2290 2290 2426 2321 diversas
2442 2301 2511 2330 spe-

1454 2334 1547 2364 ciales
1569 2334 1724 2369 materias,
1747 2341 1783 2364 ut
1806 2341 1892 2374 patet
1917 2345 1953 2365 ex
1969 2335 2067 2365 dictis.
2084 2352 2106 2357 -
2122 2334 2162 2364 Et
2177 2335 2331 2374 quoniam
2345 2335 2379 2365 in
2393 2334 2512 2374 angelis

1454 2385 1500 2408 est
1523 2377 1634 2408 notitia
1657 2378 1784 2408 evidens
1808 2385 1838 2408 et
1861 2378 2090 2419 principiorum
2114 2385 2144 2409 et
2171 2379 2414 2409 conclusionum
2446 2389 2512 2409 non

1454 2422 1689 2461 componendO,
1703 2422 1757 2452 sed
1769 2421 1850 2452 sicut
1865 2432 1924 2453 nos
1939 2422 2143 2462 intelligimus
2155 2422 2240 2463 quod
2258 2423 2335 2463 quid
2350 2429 2396 2453 est
2411 2423 2513 2463 prima

1453 2465 1637 2506 operatione
1660 2466 1850 2502 intellectus;
1868 2466 1940 2496 ideo
1957 2466 1989 2496 in
2006 2467 2049 2496 eis
2066 2476 2130 2496 non
2148 2473 2195 2496 est
2209 2466 2334 2497 habitus
2351 2477 2408 2497 nec
2424 2467 2510 2507 prin-

1453 2509 1611 2549 cipiorum
1634 2519 1692 2539 nec
1709 2509 1962 2545 conclusionum,
1980 2510 2199 2550 superadditus
2216 2510 2379 2550 speciebus
2396 2510 2510 2541 intelli-

1453 2553 1612 2593 gibilibus.
1632 2553 1673 2584 Et
1696 2553 1850 2594 quoniam
1873 2554 1991 2594 species
2015 2553 2224 2594 intelligibiles
2247 2560 2382 2594 possunt
2405 2564 2471 2584 esse
2494 2564 2513 2584 a

1454 2603 1574 2633 natura,
1609 2606 1806 2638 consequens
1834 2604 1880 2628 est
1909 2598 1998 2638 quod
2019 2598 2053 2628 in
2076 2597 2119 2628 eis
2143 2597 2267 2628 habitus
2293 2598 2512 2629 intellectualis

1453 2647 1558 2680 potest
1585 2651 1652 2671 esse
1683 2641 1834 2672 naturalis
1858 2641 1952 2672 etiam
1981 2642 2157 2673 secundum
2181 2642 2510 2673 consummationem:

1453 2684 1486 2714 in
1509 2684 1601 2715 nobis
1624 2691 1741 2722 autern,
1767 2695 1844 2716 non.

1074 2839 1420 2889 ,ARTICULUS
1451 2819 1749 2883 SECUNDUS

627 2921 782 2952 UTRUM
805 2922 969 2959 ALIQUA
992 2922 1149 2953 VIRTUS
1173 2922 1403 2954 CAUSETUR
1427 2923 1470 2953 IN
1493 2923 1618 2955 NOBIS
1641 2924 1698 2954 EX
1721 2924 2018 2955 ASSUETUDINE
2042 2924 2221 2955 OPERUM

697 3000 788 3032 Supra,
807 3007 853 3032 qu.
866 3008 900 3032 LI,
919 3005 966 3026 art.
982 3007 1009 3030 23
1028 3000 1048 3024 II
1068 3000 1151 3030 Sent„
1171 2999 1229 3027 dis't.
1243 3008 1308 3032 xxm,
1327 3009 1371 3034 qu.
1386 3009 1404 3033 1,
1423 3006 1469 3026 art.
1483 3009 1500 3031 ι,
1520 3003 1552 3026 ad
1571 3001 1600 3032 63
1619 3002 1659 3033 111,
1679 3002 1738 3027 dist.
1751 3009 1835 3032 xxxin,
1854 3010 1898 3034 qu.
1912 3010 1930 3034 1,
1949 3008 1996 3028 art.
2013 3010 2036 3032 2,
2056 3003 2101 3035 qu·
2123 3010 2152 3033 2;

1101 3036 1142 3060 De
1165 3036 1271 3066 Virtun,
1291 3044 1336 3069 qu.
1354 3044 1372 3067 1,
1391 3042 1437 3062 art.
1457 3045 1488 3070 9;
1507 3037 1527 3061 11
1547 3037 1642 3066 Ethic„
1658 3038 1717 3062 lect.
1735 3044 1752 3062 1.

374 3132 384 3165 y
429 3136 433 3145 ν
456 3134 528 3180 505<
553 3128 576 3154 D
591 3127 780 3154 SECUNDUM
795 3128 848 3153 sm
864 3128 1104 3154 moeson-ua.
1119 3116 1278 3154 Videtur
1293 3117 1396 3166 quod

382 3144 436 3165 ῥεῖ(

368 3152 530 3229 ᾒέῗῗιέιο
552 3168 709 3206 virtutes
746 3169 784 3205 in
821 3169 933 3206 nobis
970 3169 1118 3206 causari>
1147 3182 1226 3207 non
1252 3170 1399 3219 possint

359 3219 600 3302 ’,γ’ἐὲγῖεκ
628 3221 869 3261 assuetudine
899 3234 1072 3270 operum.
1094 3222 1196 3268 Quia
1223 3234 1336 3271 super
1358 3222 1398 3259 il-

350 3286 357 3295 '
452 3297 461 3300 v
475 3286 495 3307 ')

510 3266 621 3311 &lud
638 3275 751 3311 Rom.
767 3273 874 3311 x1v*:
903 3275 1023 3312 Omne
1040 3275 1141 3323 quod
1167 3287 1241 3311 non
1270 3281 1326 3312 est
1350 3287 1400 3312 ex

106 3335 316 3385 gffggffigfflgx·
331 3326 426 3374 fide,
436 3319 635 3375 peccatum
651 3332 714 3373 est,
731 3326 819 3364 dicit
833 3327 971 3364 Glossa
989 3326 1188 3375 Augustini
1205 3327 1246 3364 *z
1272 3327 1401 3366 Omnis

107 3388 149 3411 ub.
153 3387 256 3411 Sentent.
260 3378 318 3410 i'ro-

102 3421 177 3444 ⁸pen‚
191 3417 250 3437 sent.
269 3420 315 3437 cn.

344 3376 548 3428 infidelium
575 3379 652 3416 vita
673 3384 872 3428 peccatum
901 3385 974 3424 est;
1002 3386 1038 3416 et
1063 3379 1156 3417 nihil
1181 3386 1236 3417 est
1260 3381 1400 3418 bonum

342 3432 422 3469 sine
452 3444 600 3469 summo
637 3433 746 3469 bono.
787 3433 862 3470 Ubi
886 3432 987 3469 deest
1020 3433 1183 3482 cognitio
1219 3433 1399 3481 veritatis,

331 3484 441 3531 falsa
455 3490 510 3522 est
521 3485 639 3522 virtus
658 3485 769 3522 etiam
789 3485 826 3522 in
847 3485 993 3533 optimis
1012 3485 1190 3522 moribus.
1208 3485 1286 3523 Sed
1304 3486 1401 3524 fides

1451 3130 1531 3154 non
1558 3126 1684 3167 potest
1712 3118 1854 3166 acquiri
1883 3131 1928 3155 ex
1956 3118 2145 3167 operibus,
2175 3119 2244 3156 sed
2273 3127 2447 3156 causatur
2474 3120 2513 3157 in

1452 3170 1564 3207 nobis
1593 3183 1615 3207 a
1643 3172 1751 3216 Deo;
1781 3171 1991 3208 secundum
2009 3171 2101 3208 illud
2118 3172 2253 3220 Ephes.
2275 3183 2298 3208 11
2317 3172 2356 3209 *ε
2380 3173 2514 3209 Gratia

1453 3224 1536 3260 estis
1563 3223 1700 3260 salvati
1719 3235 1794 3272 per
1808 3224 1942 3271 fidem.
1972 3225 2074 3272 Ergo
2103 3225 2206 3260 nulla
2232 3224 2352 3261 virtus
2387 3232 2512 3273 potest

1453 3275 1491 3312 in
1520 3276 1631 3312 nobis
1660 3276 1804 3325 acquiri
1833 3288 1878 3312 ex
1905 3276 2146 3314 assuetudine
2175 3288 2347 3325 operum.

1509 3340 1543 3366 2.
1574 3329 1811 3376 PRAETEREA,
1831 3336 2043 3378 peccatum,
2065 3342 2154 3367 cum
2175 3329 2421 3367 contrarietur
2438 3330 2512 3367 vir-

1454 3381 1533 3428 tuti,
1563 3393 1642 3418 non
1671 3381 1898 3431 compatitur
1925 3394 2056 3419 secum
2083 3382 2274 3419 virtutem.
2296 3382 2374 3420 Sed
2394 3383 2513 3420 homo

1455 3446 1534 3471 non
1562 3442 1685 3483 potest
1710 3434 1829 3472 vitare
1848 3443 2048 3484 peccatum
2068 3435 2138 3472 nisi
2156 3447 2224 3483 per
2242 3435 2399 3483 gratiam
2419 3435 2511 3480 Dei;

1455 3487 1667 3524 secundum
1698 3487 1789 3524 illud
1817 3489 1903 3536 Sap.
1925 3499 1986 3525 vm
2005 3487 2042 3524 *ε
2062 3488 2190 3524 Didici
2210 3488 2311 3536 quod
2337 3500 2410 3525 non
2427 3500 2514 3536 pos—

2541 3188 2552 3199 *
2566 3187 2634 3210 Vers.
2649 3188 2672 3210 8.

2542 3501 2550 3509 '¹
2565 3499 2631 3522 Vers.
2646 3506 2675 3521 21.
