2846 4146
139 466 148 474 '¹
166 464 213 491 Qu.
232 469 292 490 xvu,
308 466 350 485 art.

141 497 164 516 73
179 496 218 517 qu.
230 496 292 516 xxxv,
307 493 350 511 art.

379 203 455 248 384

379 287 483 316 cetur
501 292 570 329 per
589 280 747 317 iustitiae
766 281 1051 329 perfectionem,
1072 282 1138 319 fiet
1156 281 1280 329 gaudii
1301 281 1436 317 redun-

1068 204 1333 251 QUAESTIO
1364 205 1468 251 LIX,
1497 204 1792 241 ARTICULUS
1820 205 1856 241 V

1490 287 1600 317 natae
1619 281 1804 318 inducunt
1823 282 1871 319 acl
1890 283 2148 331 peccandum:
2171 296 2250 322 non
2270 292 2399 322 autem
2415 284 2444 321 si
2465 291 2550 322 sunt

379 332 505 370 dantia
523 345 644 382 usque
664 333 712 370 ad
733 334 941 382 appetitum
962 334 1203 379 sensitivurn3
1225 333 1436 370 secundum
1490 332 1723 370 moderatae.

377 385 482 433 quod
506 385 607 422 vires
635 385 831 423 inferiores
860 394 1069 437 sequuntur
1097 394 1246 423 motum
1266 385 1435 434 superio-

377 450 462 474 rum
485 443 513 485 ²‚
534 445 575 474 ut
602 450 716 487 supra
740 438 760 460 '¹‘
789 439 930 476 dictum
960 446 1026 475 est.
1056 440 1105 475 Et
1123 438 1176 475 sic
1203 450 1271 486 per
1298 437 1434 474 redun-

378 490 546 529 dantiam
574 491 804 537 huiusmodi,
834 498 976 540 quanto
1004 488 1155 529 virtusss
1183 490 1292 527 fuerit
1314 490 1434 538 perfe-

381 542 486 590 ctior,
506 550 610 582 tanto
641 543 760 591 magis
788 543 1007 593 passionem
1038 549 1177 579 causat.

430 597 488 633 AD
518 608 654 635 PRIMUM
682 607 779 634 ERGO
808 607 991 634 DICENDUM
1020 595 1125 643 quod
1153 593 1270 632 virtus
1290 594 1435 643 passio-

378 660 446 686 nes
474 648 705 689 inordinatas
738 655 910 697 superat:
940 647 1158 687 moderatas
1189 654 1317 685 autem
1349 659 1436 696 pro-

379 700 491 740 ducit.

431 755 490 792 An
519 764 707 790 SECUNDUM
731 764 914 791 DmENDUM
944 753 1050 802 quod
1069 752 1266 800 passiones
1293 752 1434 790 inordi-

431 876 459 911 α)
480 877 655 910 superiorum.
667 891 686 897 -
704 877 867 909 superiorem
887 877 959 902 PHa.

1542 387 1600 422 An
1629 397 1788 422 TERTmM
1816 397 1999 425 DICENDUM
2024 390 2127 438 quod
2147 389 2294 426 bonum
2314 389 2353 426 in
2371 402 2547 437 unoquo·
2587 409 2589 411 ·

1490 449 1565 485 que
1603 437 1862 475 consideratur
1904 440 2116 478 secundum
2155 441 2414 478 conditionem
2458 454 2548 478 suae

1490 497 1657 528 naturae.
1689 492 1731 528 In
1755 492 1841 529 Deo
1871 498 1999 531 autern
2019 500 2056 531 et
2083 494 2224 542 angelis
2252 506 2331 533 non
2351 501 2408 532 est
2434 506 2549 545 appe-

1490 543 1577 580 titus
1596 543 1808 590 sensfflvus,
1829 543 1925 581 sicut
1944 552 2000 584 est
2018 545 2057 585 in
2074 547 2244 585 homine.
2265 547 2314 585 Et
2337 545 2426 585 ideo
2444 547 2550 585 bona

1491 595 1661 643 operatio
1690 596 1763 632 Dei
1792 603 1828 632 et
1847 597 1967 644 angeli
1996 605 2052 637 est
2079 599 2238 638 omnino
2258 599 2338 637 sine
2358 598 2548 649 passione,

1490 647 1586 706 sieut
1614 655 1650 685 et
1677 648 1758 687 sine
1787 660 1969 697 corpore:
1998 651 2102 688 bona
2130 659 2259 691 autem
2279 651 2451 701 operatio
2479 652 2546 689 ho·-

1491 712 1602 759 mtnts
1631 707 1687 759 est
1715 713 1802 740 curn
1839 701 2034 750 passione,
2065 703 2160 741 sicut
2188 712 2224 742 et
2253 717 2340 742 curn
2379 703 2550 753 corporis

1492 760 1712 791 mmlsterlo.

1544 878 1569 912 β)
1589 879 1682 904 virtus.
1694 893 1714 900 -
1732 880 1818 913 magis
1836 879 2106 906 PABCDFGHIKLa.
