2852 4152
132 1707 141 1715 ·
158 1706 206 1733 Qu.
217 1712 283 1732 ωικν,
299 1709 343 1727 art.

132 1739 151 1759 5.

132 1866 139 1873 ·
156 1864 187 1886 Ca
207 1870 254 1890 .111,
269 1870 291 1885 n.
303 1870 343 1886 2.-

131 1891 155 1912 S.
165 1890 186 1912 T
205 1907 210 1912 .
226 1891 276 1912 lect.
287 1897 308 1912 v.

132 1919 139 1927 ·
161 1917 217 1945 Cap.
233 1923 271 1944 111,
292 1923 315 1939 n.
330 1923 342 1946 3

132 1949 200 1970 ειη-
209 1943 280 1965 S.Th.
291 1944 342 1965 lect.

131 1976 161 1991 vr.

133 2127 203 2175 ζιιὲὶι).
211 2127 250 2154 VI,
260 2133 342 2155 cap.w,

130 2286 139 2296 ¹·
156 2284 222 2306 Vers.
238 2291 256 2312 5.

371 198 441 234 168

1055 197 1321 245 QUAESTIO
1350 198 1473 243 xxn,
1503 196 1796 233 ART1cuLus
1827 196 1841 231 1

847 421 1252 499 QUAESTIO
1290 418 2067 475 VIGESIMASECUNDA

922 548 1003 587 DE
1037 545 1334 587 sussfficro
1368 543 1717 585 PASSIONUM
1749 544 1986 584 ANIMAE

1191 660 1225 685 IN
1254 660 1344 685 TRES
1371 658 1572 685 ARTICULOS
1601 658 1717 683 DIVISA

440 779 508 804 OST
541 768 615 804 hoc
652 764 970 803 considerandum
1008 771 1063 800 est
1105 763 1151 800 de
1187 762 1426 812 passionibus

372 777 587 859 Panimae
611 818 647 855 *ε
679 826 714 855 et
740 817 877 866 primo,
907 817 945 853 in
973 816 1151 865 generali;
1178 816 1358 862 secundo,
1388 815 1427 854 in

371 872 523 922 speciali
540 872 571 909 ³¹⁸.
602 873 644 907 In
671 869 836 918 generali
865 877 1004 916 autem,
1035 876 1198 919 quatuor
1227 876 1428 906 occurrunt

371 926 469 963 circa
498 937 559 961 eas
587 922 878 960 consideranda:
899 922 1022 971 primo
1048 922 1216 970 quidem,
1238 922 1285 959 de
1306 921 1429 958 subie-

371 985 430 1015 cto
460 989 608 1022 earum;
638 975 819 1022 secundo,
851 975 896 1012 de
918 974 1130 1012 differentia
1149 987 1280 1011 earum
1299 974 1335 1020 *;
1356 981 1427 1011 ter-

370 1031 434 1077 tio,
460 1030 507 1066 de
529 1028 810 1077 comparatione
831 1040 963 1065 earum
979 1027 1028 1065 ad
1047 1027 1212 1065 invicem
1225 1027 1261 1074 *3
1279 1033 1426 1075 quarto,

371 1083 417 1120 de
446 1081 586 1119 malitia
614 1089 650 1118 et
678 1081 845 1119 bonitate
874 1081 1042 1130 ipsarum
1062 1081 1095 1118 ²⁸.

1481 762 1591 800 Circa
1618 761 1787 810 primurn
1816 768 2048 809 quaeruntur
2075 761 2156 801 tria.

1533 814 1684 852 Primo:
1717 822 1842 851 utrum
1870 813 1996 862 aliqua
2023 813 2149 862 passio
2179 814 2224 852 sit
2250 814 2288 852 in
2316 815 2453 853 anima.

1535 867 1739 905 Secundo:
1782 874 1909 904 utrum
1950 866 2070 914 magis
2111 865 2149 903 in
2189 874 2295 916 parte
2336 867 2540 917 appetitiva

1587 932 1704 968 quarn
1732 919 1770 956 in
1799 918 2088 969 apprehensiva.

1534 973 1686 1010 Tertio:
1725 980 1853 1009 utrum
1896 971 2015 1020 magis
2053 971 2099 1008 sit
2140 970 2178 1008 in
2216 972 2383 1023 appetitu
2425 972 2540 1011 sensi-

1587 1025 1666 1062 tivo
1704 1037 1821 1075 quam
1861 1023 2108 1070 intellectivo,
2144 1024 2207 1072 qui
2239 1024 2370 1062 dicitur
2404 1026 2540 1064 volun-

1589 1085 1656 1114 tas.

1174 1195 1489 1239 ARTICULUS
1522 1195 1727 1238 PRIMUS

1044 1298 1199 1329 UTRUM
1222 1298 1386 1335 ALIQUA
1408 1297 1552 1328 PASSIO
1576 1297 1642 1333 SIT
1666 1297 1708 1327 IN
1731 1297 1870 1328 ANIMA

929 1386 960 1411 111
981 1386 1063 1415 Sem„
1083 1386 1142 1410 dist.
1160 1393 1200 1416 κν,
1219 1393 1263 1417 qu.
1283 1391 1310 1416 ιι,
1330 1389 1377 1409 art.
1394 1392 1415 1415 1,
1435 1385 1481 1417 qu=
1498 1391 1525 1415 2;
1546 1383 1587 1408 De
1606 1382 1693 1413 Ver-it„
1713 1391 1758 1416 qu.
1772 1390 1838 1415 xxvr,
1857 1388 1903 1408 art.
1920 1392 1941 1414 x,
1957 1390 1982 1408 2.

456 1502 461 1515 ι
487 1524 490 1531 ,
516 1506 531 1536 i
552 1507 554 1512 f
579 1498 601 1523 D
622 1498 758 1523 PRIMUM
787 1497 840 1522 sm
869 1495 1108 1522 PROCEDITUR.
1137 1483 1297 1520 Videtur
1324 1483 1428 1531 quod
1450 1481 1454 1535 Ι
1481 1482 1599 1528 niens,
1620 1481 1786 1518 maxime
1803 1480 1956 1519 videtur
1974 1481 2022 1518 ad
2041 1481 2142 1518 aliud
2169 1480 2276 1518 trahi.
2307 1482 2356 1518 Et
2374 1482 2543 1521 similiter

709 1539 834 1588 passio
860 1538 905 1575 sit
923 1537 962 1574 in
981 1537 1119 1574 anima.
1149 1536 1231 1572 Pati
1252 1536 1354 1572 enim
1376 1542 1430 1572 est

370 1761 508 1787 amma.

424 1815 459 1840 2.
489 1805 725 1850 PRAETEREA,
755 1802 882 1852 passio
912 1809 967 1839 est
995 1808 1133 1848 motus,
1162 1808 1203 1836 ut
1231 1800 1365 1837 dicitur
1392 1799 1429 1836 in

370 1857 419 1892 III
444 1857 593 1904 Physic.
621 1856 640 1878 ³¹⁶
669 1857 745 1893 Sed
779 1855 906 1892 anima
939 1867 1017 1891 non
1051 1861 1245 1899 movetur,
1274 1861 1316 1889 ut
1342 1864 1429 1901 pro-

369 1909 480 1945 batur
506 1908 545 1946 in
574 1910 587 1945 1
617 1909 663 1945 de
689 1908 830 1945 Anima
853 1907 884 1944 ²⁸.
914 1908 1016 1955 Ergo
1044 1906 1171 1955 passio
1201 1917 1279 1942 non
1308 1913 1364 1942 est
1391 1905 1429 1942 in

369 1973 506 1998 amma.

423 2015 458 2050 3.
479 2015 710 2060 PRAETEREA,
731 2013 857 2062 passio
883 2020 938 2049 est
964 2012 1028 2049 via
1056 2011 1094 2048 in
1123 2010 1427 2059 corruptionem:

368 2078 458 2103 narn
479 2067 600 2104 omnis
620 2067 764 2115 passio,
786 2066 910 2115 magis
927 2066 1050 2113 facta,
1075 2064 1201 2101 abiicit
1218 2075 1242 2100 a
1260 2065 1428 2101 substan-

369 2120 431 2166 tia,
451 2128 493 2157 ut
512 2119 643 2156 dicitur
662 2120 701 2156 in
719 2119 814 2156 libro
837 2120 873 2156 T
869 2119 1063 2167 opicorum
1077 2117 1108 2154 *ἱ
1131 2117 1207 2154 Sed
1227 2116 1355 2153 anima
1373 2124 1429 2153 est

369 2172 671 2221 incorruptibilis.
702 2173 804 2219 Ergo
833 2172 935 2208 nulla
962 2170 1089 2219 passio
1119 2178 1174 2206 est
1201 2169 1239 2206 in
1267 2170 1407 2206 anima.

424 2226 497 2262 SED
517 2237 663 2262 CONTRA
691 2236 757 2261 EST
775 2226 881 2273 quod
900 2224 1107 2272 Apostolus
1128 2222 1226 2269 dicit,
1247 2223 1299 2258 ad
1314 2224 1426 2259 Rom.

368 2289 416 2314 vn
435 2277 470 2314 *t
505 2279 601 2314 Cum
629 2290 791 2314 essemus
819 2278 856 2314 in
886 2287 1016 2322 carne,
1040 2275 1234 2324 passiones
1255 2280 1428 2322 peccato-

368 2342 466 2377 rum,
496 2342 593 2379 quae
609 2342 683 2379 per
702 2330 823 2380 legem
843 2335 961 2376 erant,
981 2328 1237 2377 operabantur
1256 2328 1292 2364 in
1312 2339 1428 2364 mem-

368 2384 444 2420 bris
472 2383 617 2420 nostris.
647 2384 808 2420 Peccata
836 2389 963 2419 autem
993 2388 1080 2418 sunt
1107 2380 1260 2430 proprie
1287 2380 1326 2417 in
1349 2379 1428 2429 ani-

368 2447 443 2473 ma.
465 2437 568 2484 Ergo
589 2443 625 2473 et
638 2436 847 2484 passiones,
868 2447 967 2485 quae
984 2434 1159 2471 dicuntur
1171 2438 1427 2482 peccatorum,

367 2496 454 2525 sunt
481 2490 520 2525 in
549 2489 686 2526 anima.

421 2543 645 2579 RESPONDEO
673 2553 856 2579 DicENDUM
886 2540 991 2590 quod
1014 2541 1098 2589 pati
1125 2539 1259 2576 dicitur
1281 2538 1428 2587 triplici-

367 2602 423 2631 ter
446 2600 474 2631 α.
504 2595 592 2632 Uno
621 2593 752 2641 modo,
783 2593 1048 2639 communiter,
1083 2592 1295 2629 secundum
1324 2591 1428 2640 quod

368 2659 483 2684 omne
512 2648 677 2696 recipere
699 2655 753 2684 est
771 2646 860 2696 pati,
891 2646 1004 2683 etiam
1025 2645 1055 2682 si
1074 2645 1164 2682 nihil
1193 2644 1429 2689 abiiciatura

368 2712 427 2737 re:
448 2700 542 2737 sicut
557 2700 587 2737 si
603 2701 746 2737 dicatur
762 2711 887 2736 aerem
905 2699 994 2748 pati,
1012 2698 1166 2748 quando
1186 2697 1426 2734 illuminatur.

368 2754 454 2790 Hoc
474 2761 600 2790 autem
622 2753 740 2800 magis
760 2752 912 2801 proprie
928 2750 943 2781 β
964 2759 1018 2788 est
1037 2751 1180 2800 perfici,
1201 2762 1316 2799 quam
1336 2750 1424 2799 pati.

366 2827 390 2833 -
406 2805 491 2842 Alio
521 2806 638 2843 modo
669 2805 802 2843 dicitur
820 2805 896 2854 pati
915 2804 1085 2853 proprie,
1111 2803 1266 2853 quando
1286 2802 1427 2851 aliquid

367 2858 544 2907 recipitur
572 2871 660 2895 cum
694 2858 843 2895 alterius
877 2857 1099 2894 abiectione.
1132 2856 1208 2893 Sed
1237 2856 1311 2892 hoc
1339 2867 1428 2891 con-

366 2911 472 2959 tingit
510 2911 717 2960 dupliciter.
758 2911 1002 2959 Quandoque
1041 2909 1142 2946 enim
1181 2908 1353 2945 abiicitur
1389 2907 1427 2944 id

368 2964 471 3014 quod
500 2977 578 3001 non
608 2972 663 3000 est
692 2963 924 3001 conveniens
953 2962 1027 2999 rei:
1058 2962 1153 2999 sicut
1182 2974 1268 2998 cum
1290 2973 1427 3010 corpus

367 3017 538 3055 animalis
566 3024 738 3064 sanatur,
769 3016 903 3054 dicitur
930 3015 1027 3064 pati,
1057 3014 1146 3064 quia
1173 3014 1303 3063 recipit
1331 3013 1428 3051 sani-

366 3077 494 3116 tatem,
515 3069 746 3117 aegritudine
766 3069 921 3107 abiecta.
935 3090 958 3096 -
973 3068 1058 3106 Alio
1078 3067 1210 3114 modo,
1231 3066 1386 3115 quando
1399 3079 1428 3116 ve

369 3134 556 3159 converso
596 3121 790 3169 contingit:
821 3122 916 3158 sicut
944 3128 1138 3169 aegrotare
1168 3120 1302 3157 dicitur
1328 3119 1427 3168 pati,

368 3175 456 3225 quia
484 3174 658 3223 recipitur
685 3174 893 3222 infirmitas,
923 3174 1078 3211 sanitate
1106 3173 1263 3210 abiecta.
1293 3173 1342 3210 Et
1368 3172 1429 3208 hic

369 3236 424 3264 est
449 3227 732 3279 propriissimus
761 3227 899 3264 modus
927 3226 1124 3275 passionis.
1154 3227 1257 3263 Nam
1277 3224 1354 3275 pati
1375 3224 1428 3261 di-

369 3281 463 3318 citur
491 3293 537 3319 ex
565 3292 611 3317 eo
640 3281 744 3330 quod
779 3279 919 3328 aliquid
955 3280 1113 3317 trahitur
1150 3279 1199 3316 ad
1233 3285 1426 3326 agentem:

369 3333 472 3382 quod
502 3340 628 3370 autem
658 3333 800 3370 recedit
827 3333 875 3369 ab
906 3344 951 3368 eo
982 3332 1087 3380 quod
1117 3340 1171 3369 est
1198 3331 1268 3368 sibi
1288 3342 1427 3368 conve-

422 3486 447 3513 α)
469 3482 617 3513 tripliciter.
636 3495 654 3500 —
673 3481 733 3505 Orn.
750 3481 859 3504 codices.

421 3516 446 3549 β)
462 3517 582 3548 proprie.
601 3531 618 3535 -
637 3517 696 3540 Om.
717 3516 787 3540 PGa.

1481 1534 1520 1571 in
1539 1536 1553 1571 I
1574 1535 1620 1571 de
1642 1535 1817 1571 Generat.
1836 1533 1857 1556 *²
1885 1533 2019 1570 dicitur
2046 1533 2163 1581 quod,
2193 1534 2350 1581 quando
2375 1546 2420 1571 ex
2438 1535 2543 1583 igno-

1481 1587 1605 1624 biliori
1632 1594 1833 1635 generatur
1859 1586 2034 1632 nobilius,
2065 1593 2120 1622 est
2147 1586 2340 1633 generatio
2366 1586 2543 1636 simplici-

1481 1647 1549 1687 ter,
1571 1647 1607 1676 et
1626 1639 1818 1688 corruptio
1837 1639 2049 1675 secundum
2077 1638 2190 1687 quid:
2219 1651 2241 1675 e
2269 1651 2458 1676 converso
2477 1651 2543 1677 au-

1482 1701 1570 1739 tem,
1600 1692 1755 1740 quando
1785 1703 1830 1728 ex
1859 1690 2033 1728 nobiliori
2062 1690 2263 1739 ignobilius
2291 1699 2501 1740 generatur.

1510 1756 1512 1758 ·
1535 1746 1585 1782 Et
1611 1745 1667 1782 his
1694 1744 1813 1782 tribus
1842 1744 1968 1781 modis
2006 1743 2185 1792 contingit
2221 1755 2304 1781 esse
2339 1744 2378 1782 in
2415 1745 2543 1785 anima

1482 1798 1713 1847 passionem.
1743 1798 1847 1834 Nam
1867 1797 2079 1834 secundum
2101 1797 2360 1846 receptionem
2383 1805 2541 1846 tantum,

1483 1850 1618 1887 dicitur
1649 1850 1755 1899 quod
1787 1850 1925 1887 sentire
1957 1855 1994 1886 et
2028 1849 2235 1899 intelligere
2265 1856 2321 1887 est
2353 1851 2541 1900 quoddam

1476 1904 1559 1952 pati
1576 1903 1607 1940 ²⁸¹.
1638 1903 1770 1940 Passio
1798 1910 1926 1940 autem
1946 1915 2034 1940 cum
2053 1902 2265 1940 abiectione
2284 1915 2363 1941 non
2391 1909 2447 1940 est
2471 1903 2543 1941 nisi

1483 1955 1695 1993 secund'um
1737 1955 2091 1993 transmutationem
2133 1956 2397 2005 corporalem:
2438 1956 2543 1994 unde

1482 2009 1610 2058 passio
1637 2009 1791 2058 proprie
1820 2008 1918 2045 dicta
1954 2021 2033 2046 non
2060 2016 2186 2057 potest
2217 2016 2437 2059 competere
2460 2009 2544 2046 ani·-

1482 2074 1569 2099 mae
1598 2062 1668 2099 nisi
1695 2074 1764 2111 per
1791 2061 1984 2110 accidens,
2013 2062 2239 2110 inquantum
2272 2061 2412 2099 scilicet
2438 2058 2544 2099 com-³

1481 2115 1648 2164 positum
1668 2114 1807 2164 patitur
1824 2114 1856 2151 ¹⁸.
1887 2115 1964 2152 Sed
1990 2121 2027 2151 et
2045 2119 2060 2142 Υ
2083 2114 2122 2152 in
2140 2115 2216 2151 hoc
2244 2121 2300 2151 est
2327 2114 2541 2152 diversitas:

1482 2179 1572 2205 nam
1602 2167 1755 2220 quando
1785 2167 2004 2204 huiusmodi
2041 2167 2304 2204 transmutatio
2336 2168 2380 2205 fit
2411 2167 2449 2207 in
2478 2169 2543 2206 de»-

1482 2221 1607 2267 terius,
1637 2220 1756 2268 magis
1783 2220 1936 2269 proprie
1955 2220 2071 2256 habet
2095 2219 2281 2257 rationem
2300 2218 2314 2243 ³
2341 2220 2545 2269 passionis,-

1482 2285 1598 2322 quam
1625 2273 1781 2322 quando
1810 2273 1853 2309 fit
1880 2273 1918 2309 in
1947 2272 2092 2310 melius.
2121 2272 2233 2310 Unde
2261 2272 2403 2309 tristitia
2422 2272 2543 2321 magis

1481 2325 1633 2375 proprie
1663 2324 1871 2374 estvpassio
1901 2337 2017 2374 quam
2046 2325 2194 2362 laetitia.

1534 2380 1594 2415 An
1621 2389 1758 2415 Paruum
1791 2389 1912 2415 ion-un
1940 2388 2123 2414 mei-:NDUM
2151 2377 2256 2426 quod
2283 2377 2378 2426 pati,
2408 2389 2543 2415 secun-

1482 2431 1575 2468 dum
1603 2431 1709 2479 quod
1737 2438 1793 2467 est
1821 2442 1908 2467 cum
1933 2430 2144 2467 abiectione
2164 2437 2199 2467 et
2217 2430 2540 2478 transmutatione,

1481 2484 1678 2533 proprium
1709 2491 1764 2520 est
1791 2483 1992 2520 materiae:
2021 2483 2124 2520 unde
2152 2495 2231 2520 non
2259 2482 2449 2520 invenitur
2470 2483 2542 2520 nisi

1481 2537 1520 2574 in
1540 2536 1760 2586 compositis
1780 2548 1826 2572 ex
1846 2536 2004 2572 materia
2023 2543 2060 2572 et
2078 2536 2212 2572 forma.
2238 2536 2316 2572 Sed
2333 2535 2411 2584 pati
2427 2543 2544 2584 prout

1482 2590 1660 2638 importat
1680 2589 1939 2638 receptionem
1960 2588 2093 2635 solam,
2114 2600 2193 2624 non
2213 2595 2269 2625 est
2286 2588 2543 2625 necessarium

1482 2643 1588 2691 quod
1616 2642 1662 2678 sit
1689 2641 1880 2688 materiae,
1910 2642 1976 2678 sed
2004 2647 2130 2690 potest
2158 2652 2240 2677 esse
2269 2640 2543 2689 cuiuscumque

1483 2695 1670 2732 existentis
1699 2695 1737 2732 in
1764 2693 1944 2743 potentia.
1973 2693 2114 2730 Anima
2142 2701 2283 2740 autern,
2314 2693 2381 2730 etsi
2399 2706 2478 2730 non
2498 2693 2543 2730 sit

1482 2748 1694 2796 composita
1724 2759 1768 2783 ex
1796 2747 1952 2783 materia
1980 2754 2016 2783 et
2043 2747 2178 2793 forma,
2198 2746 2314 2783 habet
2331 2753 2460 2783 tamen
2478 2745 2543 2783 ali-

1482 2801 1573 2849 quid
1592 2800 1883 2850 potentialitatis,
1909 2799 2120 2836 secundum
2139 2811 2256 2848 quam
2277 2798 2456 2837 convenit
2474 2798 2544 2841 sibi

1481 2854 1649 2902 recipere
1679 2860 1715 2889 et
1741 2852 1830 2901 pati,
1861 2852 2072 2889 secundum
2103 2852 2208 2900 quod
2235 2851 2439 2899 intelligere
2463 2849 2540 2900 pati

1481 2915 1551 2954 est,
1577 2914 1620 2943 ut
1645 2906 1782 2943 dicitur
1807 2906 1845 2942 in
1874 2907 1923 2942 III
1953 2906 1998 2942 de
2024 2905 2165 2942 Anima
2185 2905 2216 2942 ¹⁶.

1534 2962 1592 2996 AD
1621 2971 1811 2996 SECUNDUM
1839 2970 2023 2996 mCENDUM
2057 2957 2162 3007 quod
2193 2957 2270 3006 pati
2303 2964 2339 2994 et
2371 2955 2540 3011 moveri,

1483 3013 1550 3050 etsi
1569 3024 1648 3050 non
1668 3010 1871 3049 conveniat
1890 3011 2040 3050 animae
2059 3023 2127 3060 per
2146 3022 2199 3057 se,
2216 3009 2395 3048 convenit
2413 3010 2542 3052 vtamen

1483 3066 1517 3103 ei
1544 3078 1614 3115 per
1642 3064 1829 3111 accidens,
1858 3072 1900 3101 ut
1926 3063 1964 3101 in
1989 3063 2068 3101 Ide
2093 3063 2234 3101 Anima
2253 3062 2274 3086 ’¹‘
2301 3062 2447 3103 dicitur.

1535 3120 1593 3155 An
1621 3128 1780 3155 TERTmM
1807 3128 1990 3154 monimum
2018 3115 2124 3165 quod
2158 3115 2252 3152 ratio
2285 3115 2346 3152 illa
2372 3113 2542 3164 procedit

1484 3171 1530 3208 de
1558 3170 1736 3221 passione
1765 3180 1862 3220 quae
1892 3176 1947 3206 est
1967 3180 2054 3205 curn
2074 3167 2388 3205 transmutatione
2407 3167 2455 3217 ad
2475 3165 2540 3203 de-

1482 3223 1607 3261 terius.
1645 3224 1694 3263 Et
1726 3221 1958 3260 huiusmodi'
1982 3220 2109 3271 passio
2149 3220 2299 3260 animae
2337 3217 2539 3261 convenire

1482 3289 1561 3314 non
1587 3283 1712 3326 potest
1740 3275 1811 3314 nisi
1837 3287 1906 3325 per
1928 3274 2126 3313 accidens:
2153 3287 2223 3324 per
2241 3286 2282 3311 se
2301 3274 2428 3313 autem
2449 3270 2539 3310 con-

1481 3330 1586 3367 venit
1613 3328 1840 3378 composito,
1870 3327 1975 3376 quod
2004 3334 2059 3364 est
2087 3326 2340 3375 corruptibile.

1452 3478 1455 3541 r
1533 3484 1559 3511 γ)
1580 3479 1634 3502 Sed
1652 3481 1686 3502 et.
1704 3491 1722 3496 —
1742 3477 1795 3501 Sed
1814 3477 1928 3501 PBCHa.
1951 3477 1986 3500 Et
2005 3476 2023 3500 1.

1533 3512 1557 3546 δ)
1579 3513 1718 3538 rationem.
1735 3526 1753 3530 -
1773 3519 1866 3536 nomen
1886 3511 2128 3539 ACDEGHlKLsF.
2147 3518 2199 3534 orn.
2213 3509 2259 3542 pF.

2570 1547 2653 1596 §.effi
2662 1553 2783 1597 l¹0¹÷2¹.²·„⁹1·13

2569 1907 2742 1962 ᾏξῖὴὲῗὴῗὲἰὲ
2751 1907 2784 1961 ῗῒ

2570 1966 2655 2009 {5¹³me
2661 1966 2716 2009 523¹:
2726 1960 2780 2009 {³135

2570 2118 2782 2142 ·Vid.comem.

2571 2146 2644 2168 eniet.
2663 2148 2717 2174 pout
2737 2148 2780 2167 ιη.

2569 2172 2780 2223 ἷόιέ”οῗσῗὶ-νῖῗι”

2665 2233 2683 2285 Ξ

2569 2918 2651 2967 ³5:13³.
2659 2924 2765 2967 'muniz-9
2770 2926 2780 2962 Ξ

2569 2970 2672 3025 ccapit-nc.
2694 2971 2733 2993 cit.
2756 2971 2780 2993 in

2568 3072 2578 3082 '
2584 3071 2640 3093 Loc.
2646 3071 2684 3094 cit.
2691 3072 2714 3093 in
2722 3077 2780 3100 arg„

2567 3097 2620 3120 Did.
2635 3103 2660 3120 n.
2670 3104 2691 3126 7,
2702 3098 2725 3120 8.
