2852 4152
251 3420 258 3427 .
263 3405 316 3427 lect.

0 3813 3 3832 l

13 3895 22 3946 ἐ,

11 4020 24 4082 ,εἷ

10 4087 21 4152 ἐ

1051 223 1314 269 QUAESTIO
1345 225 1392 271 L,
1422 224 1716 261 ARTICULUS
1747 226 1795 260 111

342 298 447 335 ficies
476 298 622 335 coloris.
654 300 703 335 Et
729 299 804 336 hoc
831 301 948 338 modo
978 309 1101 350 potest
1128 302 1295 350 potentia
1315 315 1397 339 esse

343 351 553 388 subiectum
581 351 743 388 habitus.

394 404 453 440 AD
472 415 631 441 TERTmM
650 416 833 441 DICENDUM
852 406 955 454 quod
975 406 1123 443 habitus
1148 407 1398 455 praemittitur

341 455 543 504 potentiae,
560 456 771 494 secundum
793 459 895 506 quod
914 459 1093 507 importat
1111 459 1397 508 dispositionem

341 508 391 545 ad
415 516 606 546 naturam:
634 509 803 558 potentia
822 518 949 547 autern
970 524 1121 560 semper
1140 512 1319 560 importat
1338 525 1398 549 or-

342 560 471 598 dinem
491 561 541 599 ad
568 562 842 610 operationem,
873 576 970 612 quae
1000 572 1055 600 est
1081 565 1278 613 posterior,
1308 577 1395 601 cum

341 621 474 651 natura
510 614 555 651 sit
591 614 822 663 operationis
857 616 1098 665 principium.
1129 617 1206 654 Sed
1247 617 1396 654 habitus

393 725 422 760 α)
441 729 468 751 et
485 726 644 758 temporis..
658 727 810 761 Metaplirs.
824 742 842 747 —
856 732 882 753 et
901 729 927 753 in
947 730 998 754 VII
1012 730 1094 762 (VIII
1109 730 1141 764 L)
1161 735 1187 755 et
1205 731 1231 755 in
1253 731 1296 755 IX
1310 731 1396 756 Meta-

335 761 417 794 phys.
431 759 601 793 ACGLpDH,
620 765 649 786 ut
664 762 689 786 in
713 762 767 787 VII
776 766 802 788 et
814 763 845 788 X
854 764 891 796 (in
909 765 952 788 IX
962 765 1014 796 sH)
1029 765 1181 798 illetaphys.
1194 765 1294 790 dicitur
1306 766 1397 795 EFsH,

341 799 370 821 ut
387 795 560 828 Philosophus
579 797 644 822 dicit
662 801 688 822 et
706 798 732 822 in
757 798 809 823 VII
826 802 852 823 et
871 799 896 824 in
918 799 962 824 IX
976 800 1128 833 Metaphys.
1147 800 1164 829 Ι,
1179 803 1206 825 et
1223 801 1350 832 temporis
1369 804 1398 825 ut

2435 229 2509 277 3¹9

1453 302 1558 339 cuius
1578 303 1746 351 potentia
1770 310 1825 339 est
1853 301 2074 352 subiectum,
2095 317 2172 342 non
2201 305 2380 354 importat
2407 307 2510 344 ordi-

1452 367 1540 392 nem
1570 355 1619 392 ad
1646 363 1832 403 naturam,
1854 356 1920 393 sed
1950 357 1997 394 ad
2023 358 2294 405 operationem.
2315 359 2425 395 Unde
2452 367 2508 396 est

1451 408 1637 456 posterior
1654 408 1834 456 potentia.
1856 429 1879 436 -
1904 409 1974 446 Vel
1992 417 2116 458 potest
2135 410 2207 447 dici
2227 411 2330 458 quod
2357 411 2507 448 habitus

1450 460 1696 509 praeponitur
1713 461 1903 509 potentiae
1932 461 2027 498 sicut
2046 463 2278 511 completum
2300 463 2506 511 incomple-

1450 520 1501 559 to,
1523 521 1559 549 et
1586 521 1691 550 actus
1718 513 1921 562 potentiae.
1951 516 2067 551 Actus
2097 515 2198 551 enim
2218 515 2432 552 naturaliter
2452 523 2507 552 est

1450 565 1569 613 prior;
1590 566 1766 614 quamvis
1780 567 1948 615 potentia
1963 566 2008 603 sit
2026 567 2129 615 prior
2143 567 2276 604 ordine
2299 568 2507 615 generatio-

1450 618 1507 654 nis
1523 625 1558 654 et
1571 618 1764 667 temporis,
1780 626 1822 655 ut
1837 619 1968 656 dicitur
1981 619 2019 656 in
2029 620 2098 656 V11
2116 627 2152 656 et
2166 621 2218 657 IX
2231 620 2436 669 Metaphys
2447 620 2504 657 “³¹2

1451 732 1550 756 dicitur
1568 732 1594 756 in
1619 732 1670 756 Vll
1684 733 1838 765 Metaphys.
1857 732 1894 762 K,
1919 733 1945 757 in
1971 732 2023 757 VII
2037 733 2090 765 pB,
2109 736 2136 758 et
2153 733 2279 765 temporis
2303 737 2333 758 ut
2355 733 2454 758 dicitur
2481 734 2507 758 in

1446 766 1612 834 pfgfsszgg‘
1636 767 1694 791 add.
1717 770 1743 792 et
1770 767 1833 800 VII)
1858 767 2010 801 Metaphys.
2033 768 2081 799 sB,
2105 771 2131 793 et
2154 768 2280 800 temporis
2303 768 2330 793 in
2356 769 2400 793 IX
2420 769 2507 793 Meta-

1140 952 1455 994 ARTICULUS
1484 953 1711 995 TERTIUS

619 1043 773 1073 UTRUM
797 1043 840 1073 IN
863 1043 1090 1074 POTENTHS
1114 1044 1361 1075 SENSITIVAE
1385 1044 1535 1075 PARTIS
1559 1045 1705 1076 Possrr
1729 1045 1828 1076 ESSE
1850 1047 2020 1084 ALIQUIS
2044 1048 2230 1079 HABITUS

790 1121 821 1146 111
841 1121 922 1150 Sent„
943 1122 1000 1146 dist.
1019 1130 1068 1151 xiv,
1089 1127 1134 1147 art.
1153 1130 1173 1152 1,
1193 1123 1238 1155 qu·
1257 1129 1291 1152 2*-
1306 1122 1362 1147 dist.
1381 1129 1449 1153 xx111,
1469 1130 1512 1155 qu.
1532 1130 1549 1154 1,
1569 1128 1615 1147 art.
1634 1131 1659 1154 ¹3
1680 1124 1721 1148 De
1739 1124 1843 1153 Virtut„
1863 1132 1908 1157 qu.
1926 1132 1943 1155 1,
1963 1130 2009 1150 art.
2028 1133 2050 1150 1.

363 1223 436 1275 3443>
458 1230 526 1270 (ᾖ
549 1221 572 1245 D
591 1220 750 1246 TER-rum
769 1221 822 1246 S1c
846 1221 1084 1246 PROCEDITUR.
1113 1210 1271 1247 Videtur
1290 1211 1394 1258 quod

370 1262 419 1319 &J
474 1267 525 1320 *²5³⁰
549 1261 587 1298 in
613 1261 790 1310 potentiis
819 1261 1020 1298 sensitivae
1047 1263 1161 1311 partis
1181 1275 1259 1299 non
1278 1263 1396 1311 possit

355 1315 358 1321 ’
440 1329 475 1356 r,
551 1325 632 1350 esse
648 1314 780 1363 aliquis
799 1313 959 1350 habitus.
983 1314 1088 1351 Sicut
1108 1315 1207 1351 enim
1227 1315 1394 1363 potentia

396 1359 490 1400 9¹²⁹*
506 1357 726 1402 &nutritiva
753 1378 839 1413 pars
859 1373 916 1402 est
933 1365 1168 1413 irrationalis,
1188 1367 1237 1403 ita
1258 1374 1293 1403 et
1312 1379 1394 1404 sen-

338 1415 580 1457 sitiza«›S‘eff
592 1417 630 1453 in
657 1417 835 1465 potentiis
863 1417 1062 1456 nutritivae
1090 1419 1203 1466 partis
1230 1431 1309 1455 non
1326 1432 1395 1468 po-

337 1467 437 1506 nitur
463 1467 595 1517 aliquis
622 1469 784 1506 habitus.
813 1470 915 1516 Ergo
943 1482 1015 1506 nec
1042 1471 1080 1507 in
1109 1471 1285 1519 potentiis
1313 1483 1396 1507 sen-

337 1520 470 1557 sitivae
496 1521 612 1569 partis
640 1522 774 1570 aliquis
801 1521 950 1558 habitus
980 1522 1092 1559 debet
1118 1523 1222 1571 poni.

392 1584 427 1610 2.
449 1574 682 1623 PRAETEREA,
702 1574 903 1611 sensitivae
921 1583 1047 1623 partes
1066 1583 1153 1612 sunt
1172 1587 1396 1612 communes

337 1625 449 1663 nobis
487 1633 523 1663 et
559 1627 688 1664 brutis.
728 1627 805 1664 Sed
838 1627 876 1664 in
911 1628 1028 1665 brutis
1056 1636 1143 1665 ”non
1171 1637 1257 1665 sunt
1284 1628 1396 1677 aliqui

337 1678 508 1716 habitus:
538 1679 627 1728 quia
661 1692 739 1717 non
774 1688 829 1717 est
855 1680 894 1717 in
926 1680 978 1717 eis
1005 1682 1201 1728 voluntas,
1231 1693 1329 1729 quae
1358 1681 1396 1718 in

303 1744 310 1764 ³
339 1731 560 1769 definitione
596 1733 746 1769 habitus
782 1734 955 1782 ponitur,
990 1741 1045 1770 ut‘
1068 1746 1182 1783 supra
1205 1734 1226 1755 '¹‘
1253 1733 1395 1771 dictum

339 1791 404 1821 est.
438 1785 540 1832 Ergo
569 1785 607 1821 in
634 1786 809 1833 potentiis
838 1786 1025 1823 sensitivis
1054 1799 1132 1824 non
1167 1794 1253 1823 sunt
1281 1787 1395 1836 aliqui

337 1836 498 1875 habitus.

393 1890 427 1927 3.
447 1889 680 1937 PRAETEREA,
709 1891 860 1928 habitus
888 1891 1037 1928 animae
1058 1899 1145 1928 sunt
1163 1892 1340 1928 scientiae
1361 1901 1396 1929 et

335 1941 511 1980 virtutes:
541 1949 578 1980 et
605 1943 700 1980 sicut
727 1944 882 1981 scientia
910 1945 1067 1984 refertur
1086 1946 1133 1982 ad
1152 1945 1231 1981 vim
1262 1957 1395 1993 appre-

336 1994 549 2042 hensivam,
577 1995 628 2033 ita
653 1996 772 2033 virtus
800 1997 850 2033 ad
867 1997 948 2034 vim
968 1997 1225 2046 appetitivam.
1257 1998 1333 2034 Sed
1357 1998 1395 2034 in

336 2047 512 2096 potentiis
527 2048 714 2086 sensitivis
729 2061 808 2086 non
822 2057 908 2086 sunt
923 2050 1068 2098 aliquae
1090 2049 1284 2086 scientiae:
1307 2063 1394 2087 cum

337 2100 492 2137 scientia
524 2101 571 2137 sit
601 2101 894 2150 universalium,
928 2115 1027 2151 quae
1058 2102 1159 2139 vires
1196 2103 1394 2140 sensitivae

338 2153 624 2202 apprehendere
653 2167 731 2192 non
758 2162 927 2203 possunt.
963 2156 1064 2204 Ergo
1094 2156 1206 2193 etiam
1235 2168 1306 2192 nec
1331 2157 1396 2193 ha-

337 2205 438 2243 bitus
465 2206 648 2244 virtutum
669 2207 709 2244 in
725 2208 894 2256 partibus
914 2207 1100 2246 sensitivis
1121 2221 1203 2246 esse
1222 2217 1392 2256 possunt.

392 2259 466 2295 SED
496 2271 642 2296 CONTRA
668 2271 734 2296 EST
762 2260 868 2308 quod
891 2260 1146 2309 Philosophus
1166 2261 1265 2308 dicit,
1286 2261 1324 2298 in
1345 2263 1394 2298 III

242 2327 256 2360 ,-
282 2322 310 2360 ·ζ
336 2312 456 2348 Ethic.
471 2311 503 2358 ²¹²,
524 2313 628 2360 quod
643 2313 793 2361 aliquae
805 2313 969 2359 virtutes,
990 2313 1129 2350 scilicet
1146 2314 1396 2362 temperantia

338 2371 376 2401 et
402 2364 592 2411 fortitudo,
619 2370 708 2402 sunt
732 2365 1046 2402 irrationabilium
1067 2367 1248 2414 partium.

391 2417 616 2454 RESPONDEO
635 2429 819 2455 DICENDUM
838 2418 944 2466 quod
971 2418 1072 2455 vires
1100 2419 1301 2457 sensitivae
1331 2420 1397 2456 du-

337 2469 482 2518 pliciter
513 2477 673 2518 possunt
707 2470 955 2508 considerari:
983 2484 1062 2508 uno
1097 2473 1234 2518 modo,
1264 2484 1398 2508 secun-

339 2523 432 2559 dum
460 2522 566 2570 quod
595 2531 799 2571 operantur
831 2535 876 2559 ex
913 2523 1089 2560 instinctu
1118 2531 1294 2569 naturae;
1324 2524 1397 2560 alio

339 2575 471 2622 modo,
500 2575 712 2611 secundum
740 2576 846 2622 quod
872 2583 1076 2623 operantur
1095 2588 1140 2612 ex
1159 2576 1319 2624 imperio
1341 2589 1398 2612 ra-

339 2626 463 2663 tionis.
499 2627 720 2664 Secundum
754 2627 864 2674 igitur
897 2629 1002 2675 quod
1035 2636 1240 2677 operantur
1273 2640 1317 2664 ex
1345 2628 1399 2664 in-

341 2679 477 2716 stinctu
504 2686 672 2725 naturae,
702 2678 755 2716 sic
783 2679 1005 2716 ordinantur
1028 2680 1076 2717 ad
1095 2692 1227 2727 unum,
1249 2681 1342 2717 sicut
1362 2689 1398 2717 et

341 2739 485 2769 natura.
519 2732 569 2768 Et
594 2731 682 2768 ideo
702 2731 797 2768 sicut
815 2732 853 2768 in
871 2732 1047 2780 potentiis
1071 2733 1302 2770 naturalibus
1321 2746 1398 2770 non

342 2791 429 2821 sunt
456 2783 572 2832 aliqui
589 2784 751 2831 habitus,
771 2785 822 2821 ita
841 2785 953 2821 etiam
972 2797 1043 2822 nec
1061 2785 1100 2822 in
1118 2786 1294 2834 potentiis
1314 2798 1397 2823 sen-

342 2836 472 2883 sitivis,
501 2836 713 2873 secundum
741 2837 846 2885 quod
876 2849 920 2874 ex
938 2838 1114 2875 instinctu
1132 2846 1287 2875 naturae
1307 2851 1399 2887 ope-

341 2897 480 2926 rantur.
500 2909 524 2917 -
545 2888 765 2926 Secundum
784 2902 878 2927 vero
907 2892 1012 2938 quod
1044 2898 1248 2939 operantur
1267 2903 1311 2927 ex
1330 2891 1400 2928 im·

341 2942 448 2991 perio
480 2942 660 2989 rationis,
689 2942 742 2978 sie
769 2942 818 2979 ad
847 2942 996 2979 diversa
1030 2943 1195 2980 ordinari
1227 2951 1398 2992 possunt.

342 2996 392 3031 Et
419 2994 471 3031 sic
498 3002 657 3044 possunt
676 2995 714 3031 in
743 2995 796 3031 eis
825 3007 906 3032 esse
935 2995 1049 3045 aliqui
1075 2996 1236 3043 habitus,
1262 2997 1400 3044 quibus

342 3048 441 3084 bene
468 3054 535 3084 aut
562 3048 661 3084 male
689 3047 738 3085 ad
766 3047 905 3096 aliquid
934 3047 1196 3096 disponuntur.

395 3102 455 3137 An
483 3112 620 3137 ptumum
638 3112 736 3137 ERGO
756 3112 940 3138 meminus(
960 3101 1066 3148 quod
1082 3100 1183 3138 vires
1202 3101 1400 3139 nutritivae

343 3153 459 3202 partis
485 3165 564 3190 non
591 3160 678 3190 sunt
710 3161 821 3190 natae
855 3153 1008 3190 obedire
1041 3153 1201 3201 imperio
1230 3154 1400 3200 rationis:

345 3213 381 3242 et
407 3205 494 3242 ideo
523 3217 603 3243 non
630 3213 718 3243 sunt
742 3206 782 3243 in
809 3206 862 3243 eis
882 3206 996 3255 aliqui
1014 3206 1175 3243 habitus.
1206 3206 1283 3243 Sed
1301 3206 1401 3243 vires

344 3258 545 3295 sensitivae
574 3266 683 3295 natae
703 3266 790 3295 sunt
817 3258 971 3296 obedire
990 3259 1150 3307 imperio
1171 3258 1344 3296 rationis:
1365 3266 1402 3296 et

343 3310 432 3348 ideo
460 3311 499 3348 in
527 3311 580 3348 eis
610 3323 692 3348 esse
719 3319 879 3360 possunt
901 3311 1016 3360 aliqui
1035 3311 1205 3357 habitus3
1235 3323 1325 3349 nam
1345 3324 1402 3349 se-

101 3355 236 3434 :gssgjiffl
252 3367 316 3406 'n.=7
345 3364 513 3401 cundum
536 3364 642 3412 quod
661 3364 844 3402 obediunt
862 3364 1008 3409 rationi,
1029 3364 1319 3413 quodammodo
1345 3377 1402 3402 ra-

101 3436 145 3453 ΣΧ.

343 3416 501 3454 tionales
529 3417 714 3464 dicuntur,
742 3424 784 3454 ut
810 3417 849 3454 in
878 3418 892 3453 1
919 3417 1039 3454 Ethic.
1059 3416 1079 3438 ’¹‘
1107 3416 1252 3454 dicitur.

1502 1212 1560 1247 An
1589 1223 1777 1248 SECUNDUM
1805 1224 1988 1250 DICENDUM
2007 1215 2111 1262 quod
2129 1214 2229 1251 vires
2249 1216 2448 1253 sensitivae
2468 1217 2505 1253 in

1450 1263 1567 1299 brutis
1595 1263 1821 1301 animalibus
1849 1277 1927 1302 non
1956 1274 2161 1314 operantur
2189 1279 2233 1303 ex
2261 1268 2420 1317 imperio
2449 1281 2506 1306 ra-

1450 1315 1580 1361 tionis;
1610 1317 1677 1353 sed
1705 1317 1735 1353 si
1768 1317 1837 1353 sibi
1870 1317 2127 1366 relinquantur
2163 1320 2272 1357 bruta
2309 1321 2504 1368 animalia,

1451 1375 1655 1416 operantur
1687 1381 1732 1405 ex
1759 1369 1933 1406 instinctu
1969 1379 2137 1408 naturae.
2167 1373 2216 1408 Et
2243 1372 2295 1409 sic
2323 1373 2361 1410 in
2389 1373 2506 1410 brutis

1451 1420 1675 1457 animalibus
1713 1434 1791 1458 non
1819 1430 1906 1458 sunt
1933 1423 2047 1471 aliqui
2081 1424 2230 1461 habitus
2269 1426 2429 1462 ordinati
2457 1427 2507 1463 ad

1452 1473 1701 1520 operationes.
1733 1474 1828 1510 Sunt
1858 1481 1986 1511 tamen
2018 1476 2055 1512 in
2091 1476 2142 1512 eis
2170 1477 2316 1526 aliquae
2350 1478 2507 1526 disposi-

1451 1524 1572 1560 tiones
1600 1525 1638 1562 in
1667 1525 1799 1562 ordine
1828 1527 1876 1563 ad
1904 1535 2098 1576 naturam,
2127 1535 2168 1564 ut
2195 1530 2334 1566 sanitas
2363 1538 2398 1567 et
2424 1531 2506 1579 pul-

1452 1577 1635 1613 chritudo.
1657 1599 1679 1604 -
1702 1579 1775 1614 Sed
1795 1578 1883 1626 quia
1902 1579 2010 1616 bruta
2039 1580 2214 1617 animalia
2234 1594 2256 1617 a
2275 1582 2418 1619 ratione
2437 1584 2506 1619 ho-

1451 1629 1563 1666 minis
1590 1642 1660 1678 per
1687 1632 1881 1679 quandam
1914 1632 2225 1670 consuetudinem
2259 1634 2507 1682 disponuntur

1451 1682 1500 1719 ad
1528 1682 1667 1730 aliquid
1696 1683 1935 1730 operandum
1964 1684 2016 1720 sic
2044 1685 2106 1721 vel
2133 1685 2255 1732 aliter,
2283 1687 2358 1722 hoe
2386 1688 2505 1724 modo

1451 1734 1488 1771 in
1517 1735 1634 1771 brutis
1662 1735 1887 1772 animalibus
1915 1736 2064 1773 habitus
2093 1738 2381 1786 quodammodo
2413 1740 2506 1787 poni

1451 1795 1629 1836 possunt:
1650 1788 1752 1824 unde
1772 1788 2003 1836 Augustinus
2023 1789 2121 1837 dicit,
2138 1790 2176 1827 in
2195 1790 2290 1827 libro
2311 1791 2506 1841 Octoginta

1451 1841 1563 1876 trium
1595 1841 1742 1882 Quaest.
1762 1840 1792 1886 ²¹²,
1823 1841 1926 1890 quod
1949 1842 2116 1878 videmus
2140 1843 2429 1881 immanissimas
2446 1846 2506 1881 he-

1449 1893 1538 1929 stias
1565 1905 1589 1929 a
1608 1894 1786 1930 maximis
1812 1894 2060 1942 voluptatibus
2077 1896 2280 1932 absterreri
2297 1902 2314 1917 α
2332 1897 2504 1933 dolorum

1451 1951 1562 1991 metu,
1591 1946 1692 1994 quod
1712 1958 1797 1982 cum
1817 1947 1854 1994 zjn
1874 1959 2005 1983 earum
2025 1949 2324 1985 consuetudinem
2342 1950 2504 1995 verterit,

1450 1999 1612 2035 domitae
1625 2004 1661 2035 et
1672 2004 1888 2035 mansuetae
1906 2005 2099 2037 vocantur.
2115 2001 2253 2037 Deficit
2266 2008 2394 2038 tamen
2409 2002 2504 2038 ratio

1450 2051 1599 2088 habitus
1628 2058 1811 2100 quantum
1840 2051 1889 2088 ad
1916 2064 2029 2088 usum
2056 2053 2280 2100 voluntatis,
2310 2054 2399 2101 quia
2426 2066 2506 2092 non

1450 2104 1591 2140 habent
1619 2103 1832 2140 dominium
1864 2104 1995 2142 utendi
2022 2105 2084 2142 vel
2112 2118 2190 2142 non
2217 2106 2366 2143 utendi:
2400 2107 2505 2155 quod

1449 2156 1600 2193 videtur
1627 2157 1676 2193 ad
1703 2157 1888 2193 rationem
1920 2157 2070 2194 habitus
2098 2158 2295 2206 pertinere.
2325 2160 2373 2195 Et
2400 2159 2504 2207 ideo,

1450 2209 1602 2257 proprie
1618 2209 1822 2257 loquendo,
1844 2209 1881 2245 in
1897 2209 1950 2245 eis
1969 2210 2118 2246 habitus
2138 2223 2220 2247 esse
2239 2223 2318 2247 non
2331 2220 2502 2260 possunt.

1503 2263 1562 2297 AD
1590 2273 1749 2298 TERTmM
1767 2273 1950 2298 mCENDuM
1975 2263 2080 2309 quod
2099 2263 2285 2311 appetitus
2305 2264 2505 2301 sensitivus

1451 2321 1561 2350 natus
1590 2321 1646 2350 est
1673 2314 1821 2351 moveri
1849 2314 1896 2350 ab
1925 2314 2092 2363 appetitu
2117 2315 2296 2362 rationali,
2316 2323 2357 2352 ut
2376 2316 2507 2353 dicitur

1452 2367 1491 2403 in
1520 2367 1569 2402 III
1599 2367 1644 2402 de
1670 2367 1810 2403 Anima
1831 2367 1871 2403 *ε
1901 2367 1968 2404 sed
2001 2367 2102 2404 vires
2136 2368 2335 2405 rationales
2373 2381 2506 2417 appre-

1451 2419 1632 2456 hensivae
1661 2426 1771 2455 natae
1799 2426 1886 2456 sunt
1913 2419 2083 2468 accipere
2099 2432 2121 2456 a
2138 2421 2281 2457 viribus
2307 2422 2504 2459 sensitivis.

1452 2473 1502 2508 Et
1527 2472 1614 2508 ideo
1643 2471 1762 2520 magis
1791 2472 1969 2509 convenit
1997 2473 2099 2520 quod
2128 2473 2278 2510 habitus
2303 2474 2374 2510 sint
2393 2474 2432 2510 in
2450 2474 2505 2511 vi-

1453 2524 1555 2560 ribus
1584 2524 1770 2560 sensitivis
1798 2524 2009 2572 appetitivis
2037 2537 2152 2573 quarn
2185 2525 2223 2562 in
2250 2526 2393 2563 viribus
2422 2539 2507 2563 sen-

1452 2576 1567 2613 sitivis
1604 2576 1909 2624 apprehensivis:
1947 2589 2035 2613 cum
2071 2578 2109 2613 in
2143 2578 2286 2614 viribus
2323 2579 2506 2615 sensitivis

1453 2628 1664 2677 appetitivis
1693 2641 1770 2665 non
1800 2629 1872 2665 sint
1898 2629 2048 2665 habitus
2076 2630 2146 2666 nisi
2170 2631 2380 2668 secundum
2401 2631 2506 2679 quod

1454 2689 1657 2729 operantur
1671 2693 1715 2717 ex
1729 2681 1888 2729 imperio
1905 2681 2069 2718 rationis.
2085 2703 2109 2710 -
2126 2683 2314 2729 Quamvis
2334 2684 2446 2720 etiam
2465 2683 2504 2721 in

1452 2734 1542 2782 ipsis
1570 2733 1808 2770 interioribus
1834 2733 1976 2770 viribus
2005 2735 2188 2772 sensitivis
2220 2736 2506 2784 apprehensivis

1452 2786 1597 2835 possint
1614 2786 1705 2835 poni
1724 2786 1838 2834 aliqui
1860 2786 2021 2833 habitus,
2042 2789 2251 2825 secundum
2272 2801 2368 2837 quos
2386 2790 2506 2826 homo

1453 2840 1496 2876 fit
1522 2839 1621 2875 bene
1654 2839 1927 2876 memorativus
1954 2840 2015 2876 vel
2044 2840 2265 2887 cogitativus
2291 2842 2353 2878 vel
2378 2841 2508 2890 imagi-

1453 2892 1622 2928 nativus:
1650 2892 1751 2928 unde
1779 2891 1889 2928 etiarn
1909 2892 2163 2941 Philosophus
2183 2893 2281 2940 dicit,
2302 2893 2340 2930 in
2361 2906 2442 2942 cap.
2462 2894 2508 2930 de

1452 2945 1645 2981 Memoria
1662 2944 1693 2990 ³¹⁸,
1723 2944 1828 2993 quod
1847 2945 2070 2981 consuetudo
2089 2945 2245 2982 multum
2265 2952 2442 2994 operatur
2458 2947 2510 2983 ad

1454 2998 1546 3033 bene
1572 2997 1880 3033 memorandum:
1909 2997 1998 3045 quia
2031 2997 2143 3034 etiam
2177 2997 2268 3035 istae
2296 2999 2396 3036 vires
2425 3011 2508 3036 mo—

1453 3056 1590 3086 ventur
1616 3049 1666 3086 ad
1695 3049 1929 3098 operandum
1952 3061 1996 3086 ex
2019 3049 2179 3098 imperio
2209 3051 2371 3088 rationis.
2400 3051 2508 3088 Vires

1454 3109 1582 3138 autem
1611 3101 1908 3150 apprehensivae
1937 3102 2152 3150 exteriores,
2181 3111 2222 3140 ut
2249 3104 2354 3140 visus
2383 3111 2418 3140 et
2443 3116 2509 3140 au-

1455 3155 1553 3191 ditus
1582 3161 1618 3190 et
1644 3154 1874 3201 huiusmodi,
1904 3167 1982 3191 non
2005 3162 2092 3192 sunt
2109 3156 2346 3204 susceptivae
2366 3156 2508 3205 aliquo-

1455 3219 1539 3243 rum
1563 3207 1771 3253 habituum,
1793 3206 1860 3244 sed
1879 3206 2089 3244 secundum
2111 3208 2397 3257 dispositionem
2418 3221 2508 3245 suae

1455 3267 1610 3296 naturae
1645 3259 1865 3296 ordinantur
1892 3259 1941 3296 ad
1968 3272 2058 3296 suos
2086 3268 2189 3298 actus
2218 3261 2508 3307 determinatos3

1456 3312 1550 3349 sicut
1582 3319 1619 3348 et
1650 3313 1824 3349 membra
1858 3312 2044 3361 corporis,
2073 3313 2112 3350 in
2140 3313 2275 3362 quibus
2309 3326 2386 3350 non
2423 3321 2510 3351 sunt

1455 3365 1614 3411 habitus,
1636 3365 1703 3401 sed
1723 3364 1843 3413 magis
1861 3365 1900 3402 in
1912 3365 2056 3402 viribus
2071 3365 2343 3415 imperantibus
2359 3374 2508 3403 motum

1455 3417 1626 3466 ipsorum
1645 3417 1676 3454 ²⁸.

398 3530 426 3562 α)
445 3531 598 3556 absterreri.
617 3544 635 3549 -
652 3530 785 3555 abstinere
800 3530 925 3555 PEFKSH
939 3536 964 3555 et
975 3538 1002 3556 a.
1014 3544 1033 3550 -
1048 3532 1097 3555 Pro
1118 3531 1239 3559 verterit,
1261 3531 1339 3555 vertit
1358 3532 1395 3561 li,
1415 3532 1516 3556 venerit
1535 3532 1564 3559 Κ,
1585 3531 1698 3555 vertitur
1716 3526 1805 3556 PEFa.

2535 556 2544 565 ·
2554 555 2578 576 S.
2586 554 2630 576 Th.
2646 555 2684 576 lib.
2699 555 2745 582 lx,

2533 581 2585 602 lect.
2599 587 2640 602 vn.
2655 592 2666 597 —
2689 581 2743 603 Did.

2534 607 2573 628 lib.
2595 607 2663 634 vm,
2690 613 2742 635 cap.

2533 639 2586 659 vm,
2603 639 2626 655 n.
2637 633 2680 655 1-6.

2533 1855 2542 1863 ·
2557 1853 2604 1881 Qu.
2619 1859 2696 1875 xxxvi.

2533 2382 2589 2430 'sci
2605 2387 2686 2429 z'll'css·
2697 2387 2743 2428 ἑνί

2534 2959 2543 2968 ·
2555 2957 2592 2979 De
2597 2957 2668 2979 Mem.
2675 2958 2699 2978 et
2704 2956 2745 2978 Re·

2533 2990 2560 3033 ’έῖ
2585 2999 2591 3005 ·
2612 2989 2745 3032 ῗῖἓε..“...·
