2852 4152
390 186 465 231 248
1029 186 1294 232 QUAESTIO
1324 187 1484 233 XXXV,
1513 185 1807 221 ARTICULUS
1835 184 1922 221 VIII

393 270 496 300 satur
524 274 567 299 ex
595 263 712 311 bono,
732 263 836 311 quod
864 275 943 300 uno
972 264 1090 301 modo
1120 264 1264 301 dicitur.
1285 265 1333 299 Et
1359 263 1446 299 ideo
1502 262 1614 299 Unde
1633 274 1712 298 non
1731 262 1892 310 pertinet
1915 262 1963 300 ad
1978 263 2046 300 has
2067 264 2222 312 species.
2240 286 2263 292 -
2280 265 2391 302 Zelus
2408 277 2501 302 vero
2523 272 2559 301 et

394 315 649 352 delectationis
674 328 752 352 non
776 315 1011 363 assignantur
1029 324 1084 353 tot
1111 316 1254 364 species
1275 315 1369 351 sicut
1386 315 1447 350 tri·
1503 315 1658 351 nemesis
1678 315 1747 350 sub
1767 314 1910 351 invidia
1931 315 2182 365 continentur,
2201 325 2243 354 ut
2261 318 2355 354 infra
2369 317 2389 339 ’¹‘
2402 317 2555 366 patebit.
2586 328 2598 339 ·
2624 327 2656 350 n·
2679 328 2732 362 πυ,
2756 334 2795 358 qu.

394 368 524 415 stitiae,
545 379 642 415 quae
673 375 845 405 causatur
874 380 917 405 ex
945 369 1057 415 malo,
1078 368 1182 416 quod
1201 367 1447 414 multzfariam
1554 368 1613 403 AD
1645 378 1803 403 TERTlUM
1841 378 2022 405 monimum
2059 369 2165 416 quod
2200 370 2335 407 divisio
2373 370 2442 407 ista
2479 381 2558 406 non
2586 367 2720 390 ¹¹¹⁷¹’⁸“·
2736 370 2756 386 ²·

155 426 367 474 {Sgs‘h-ffiffgtu·
393 420 585 470 contingit,
599 428 642 457 ut
660 421 748 458 dicit
765 421 982 469 Dionysius,
1000 433 1035 456 1v
1050 432 1130 468 cap.
1147 420 1192 455 de
1205 419 1292 455 Diu.
1308 418 1448 455 Nom*
1501 419 1662 455 sumitur
1689 419 1900 456 secundum
1937 420 2194 469 oppositiones
2228 422 2460 470 specierum:
2491 421 2559 458 sed

154 468 366 526 Ethic'dib-ssmaffi
445 474 504 509 An
533 485 721 510 SECUNDUM
740 485 922 510 mensuum
948 472 1054 520 quod
1075 471 1301 520 poenitentia
1327 478 1380 507 est
1400 471 1446 507 de
1501 471 1713 507 secundum
1733 471 1989 509 diversitatem
2010 480 2273 511 extraneorum
2294 474 2344 511 ad
2368 486 2465 522 quae
2485 482 2558 511 tra-

154 510 274 532 v1‚n.¹4;
293 504 341 526 s.T

153 532 205 553 lect·
220 536 260 552 vu·
393 526 495 563 malo
514 526 682 574 proprio,
705 526 807 574 quod
827 538 895 574 per
919 537 958 561 se
984 531 1039 560 est
1058 523 1249 559 obiectum
1267 522 1444 559 tristitiae.
1499 523 1599 559 hitur
1626 523 1719 560 ratio
1748 523 1926 572 tristitiae,
1946 532 1987 562 ut
2014 525 2156 563 dictum
2186 534 2241 564 est
2266 526 2298 564 ²¹⁴.
2587 533 2595 543 ·
2610 533 2636 555 1¹¹
2651 538 2756 562 comre-

1067 624 1398 659 Commentaria
1420 626 1668 659 Car-<imaus
1691 627 1889 660 Caietam

465 727 551 747 Misso
575 715 710 756 septimo
734 714 880 755 articulo,
907 713 986 744 circa
1010 720 1158 744 octavum
1187 714 1329 745 eiusdem
1352 724 1447 755 quae·
1500 721 1546 745 est
1568 715 1600 755 ly
1616 714 1791 756 fiagitivus.
1808 716 1946 753 Quando
1970 726 2044 747 vero
2067 717 2224 748 intantum
2248 718 2371 750 tristitia
2394 726 2449 755 est,
2470 719 2560 760 quod

395 726 591 796 Ostionis,
623 760 746 789 adverte
773 758 861 798 quod
891 757 923 787 id
951 757 1040 797 quod
1064 757 1102 787 de
1132 757 1251 788 ultimis
1283 758 1445 798 speciebus
1499 768 1556 788 nec
1579 758 1747 798 appetibile
1771 759 1900 799 aliquod
1924 769 1961 790 ex
1983 759 2036 790 ina
2059 761 2254 801 relinquitur,
2277 763 2332 792 sed
2355 763 2461 793 solum
2484 773 2559 793 con-

391 803 531 834 tristitiae
554 803 679 838 dicitur,
702 802 745 832 sic
768 801 908 840 intelligo
933 801 1035 842 quod,
1060 811 1134 832 cum
1158 801 1284 832 effectus
1307 802 1446 833 tristitiae
1500 802 1630 833 trarium
1660 802 1860 839 contristans,
1882 808 1957 833 tunc
1989 803 2189 835 constituitur
2217 806 2342 836 acedia:
2374 806 2428 837 ubi
2465 806 2560 837 etiam

392 847 541 877 consistat
563 846 595 876 in
611 847 749 885 appetitu
766 845 931 886 fugitivo,
948 845 1077 885 quando
1095 845 1248 885 contingit
1271 846 1378 876 deesse
1400 856 1446 876 re·
1501 847 1586 876 deest
1608 846 1640 887 ly
1656 852 1804 886 appetere
1822 846 1871 877 vel
1894 848 2063 887 appetitus,
2085 847 2164 878 idest
2187 856 2274 880 actus
2294 850 2472 890 appetendi,
2493 860 2558 880 non

391 890 515 930 fugium
538 889 678 930 aliquod,
695 889 895 920 constituitur
918 888 1055 920 anxietas
1072 889 1123 920 vel
1146 890 1289 929 angustia
1296 899 1303 926 ;
1324 890 1378 920 ubi
1395 890 1447 920 de-
1500 897 1606 921 tamen
1629 890 1771 921 tristandi
1794 897 1891 922 actus.
