2846 4146
136 336 143 345 ·
159 335 194 357 Cf.
209 341 272 357 num.
288 341 320 356 xi.

125 1475 137 1486 ⁴¹
158 1474 192 1495 Cr.
215 1480 262 1502 arg.
282 1480 294 1502 3
314 1474 336 1495 in

126 1501 208 1522 littera.

127 2626 139 2637 '⁶
154 2625 218 2647 Vers.
232 2631 255 2651 4.

129 2832 138 2841 ·
154 2831 187 2852 Ca
206 2837 257 2855 .111,
273 2837 296 2852 n.
307 2836 338 2856 ¹4·

130 2869 140 2874 -
150 2857 173 2879 S.
198 2857 219 2878 h.
228 2858 279 2878 lect.
288 2863 338 2878 viu.

131 3041 188 3089 sci
204 3056 212 3089 .·
224 3046 279 3088 120ss:
290 3046 316 3088 23:
329 3052 339 3056 ·

135 3313 143 3321 ¹
157 3312 207 3333 Art.
224 3317 240 3333 1.

371 208 450 254 434

372 292 402 315 et
425 285 581 321 absolute,
606 286 659 315 sed
682 285 869 325 applicando
898 287 989 317 illum
1012 288 1051 317 ad
1075 289 1241 328 specialem
1265 288 1427 319 materiam

372 336 599 360 occurrentem.
623 329 663 359 Et
686 329 729 359 sic
751 329 949 360 verificantur
966 332 1057 362 verba
1073 333 1219 363 Auctoris
1235 333 1284 362 hic
1296 333 1322 367 *‚
1347 341 1428 371 quae

371 380 500 412 propter
515 373 731 403 inventionem
747 374 853 409 medii,
870 375 1054 413 prudentiae
1071 376 1341 415 praestitutionem
1358 374 1428 404 finis

372 416 455 446 dant.
472 417 513 446 Et
528 427 593 447 non
613 417 830 447 contradicunt
845 418 1068 457 superioribus,
1086 430 1142 450 nec
1159 419 1246 449 dictis
1262 419 1293 448 in
1310 419 1349 448 ΙΙ·
1367 419 1425 454 11··‚

370 470 451 500 quae
474 460 512 490 de
535 460 637 500 prima
659 461 896 500 praestitutione
919 461 1000 497 finis,
1016 470 1046 492 et
1069 463 1106 492 de
1130 461 1191 492 fine
1208 463 1350 492 absolute
1366 462 1426 491 vir-

370 503 446 534 tutis
469 504 607 540 moralis,
630 505 817 544 loquuntur.

425 547 519 578 Sexto
538 548 636 588 quod,
655 549 867 588 comparando
894 548 957 577 iarn
971 549 1090 587 genitas
1106 549 1305 588 prudentiam
1321 556 1352 579 et
1366 549 1426 578 vir-

371 597 471 622 tutem
499 592 667 627 moralem,
692 599 823 631 utraque
846 592 877 621 in
902 591 983 621 facto
1007 602 1073 621 esse
1097 593 1183 622 alteri
1207 592 1303 622 finem
1326 593 1426 632 appli-

371 635 430 665 cite
454 636 593 675 praebet,
619 635 836 665 diversimode.
860 635 1044 665 Declaratur
1073 635 1134 665 hoc
1158 636 1265 676 quoad
1293 636 1426 675 singula.

370 679 573 709 Prudentiam
587 679 619 708 in
635 679 742 718 primis
759 685 880 708 constat
895 679 1037 708 medium
1054 679 1165 709 morali
1181 679 1287 710 virtuti
1304 690 1427 720 semper

371 723 543 758 ostendere,
562 729 591 752 et
610 732 791 752 conservare
810 722 967 752 virtutem.
992 722 1114 752 Deinde
1133 724 1287 754 moralem
1304 731 1427 754 constat

370 766 441 796 finis
465 766 640 806 appetitum
663 773 783 796 rectum
798 766 910 801 facere;
935 776 970 796 ac
986 776 1041 806 per
1055 766 1126 803 hoc,
1144 767 1328 806 prudentiae
1344 768 1426 808 prin-

371 810 489 850 cipium
513 810 644 840 firmare.

425 855 471 884 Ex
494 854 554 884 hoc
577 860 683 884 autem
705 854 792 893 quod
811 853 968 892 appetitus
985 853 1098 884 virtute
1113 854 1225 884 morali
1241 855 1426 886 rectificatur

370 898 409 928 ad
432 898 609 937 eligendum
634 907 774 927 consona
798 897 883 926 bono
907 896 1048 933 rationis;
1073 898 1148 938 quia
1172 898 1282 929 electio
1310 899 1425 930 claudit

368 941 400 971 in
425 951 456 971 se
479 941 696 978 intentionem,
721 950 917 980 consequens
941 947 987 971 est
1003 948 1038 971 ut
1056 942 1167 972 eadem
1184 942 1298 974 virtute
1314 943 1424 973 rectifi-

369 992 454 1015 cetur
473 985 512 1014 ad
528 985 755 1015 intendendum
771 985 861 1014 illurn
878 983 974 1014 finem
994 985 1088 1015 etiam
1104 986 1256 1017 absolute.
1276 987 1320 1017 Ita
1336 988 1425 1028 quod

366 1028 498 1058 intentio
523 1028 608 1064 finis,
633 1038 714 1068 quae
737 1028 823 1068 prius
847 1038 883 1058 ex
906 1029 1064 1068 synderesi
1092 1036 1122 1060 et
1144 1030 1347 1061 inclinatione
1371 1041 1424 1061 na-

367 1072 457 1102 turali
481 1079 604 1102 tantum
628 1078 693 1102 erat
714 1079 806 1108 recta,
831 1081 867 1101 ex
889 1072 1002 1103 virtute
1018 1073 1141 1109 morali,
1162 1084 1179 1104 a
1194 1075 1358 1114 prudentia
1373 1085 1424 1114 ge-

369 1116 449 1151 nita,
474 1115 509 1145 fit
536 1123 566 1146 et
589 1123 634 1146 est
657 1122 738 1146 recta
760 1123 851 1146 recte.
876 1116 916 1146 Et
938 1116 982 1146 sic
1004 1117 1102 1147 virtus
1130 1118 1259 1149 moralis
1286 1119 1318 1148 in
1342 1118 1425 1149 facto

367 1170 433 1190 esse
457 1160 509 1189 dat
531 1159 714 1199 prudentiae
737 1160 770 1189 in
794 1159 876 1190 facto
901 1170 967 1190 esse
992 1159 1088 1191 finem
1115 1162 1271 1198 absolute;
1303 1169 1334 1193 et
1357 1173 1422 1193 non

367 1214 383 1233 e
408 1210 525 1234 contra.
549 1204 590 1234 Et
613 1204 674 1234 hoc
698 1210 744 1233 est
766 1204 948 1243 septimum.
973 1205 1155 1236 Declaratur
1177 1207 1265 1246 quod
1289 1217 1354 1237 non
1379 1214 1424 1238 est

367 1258 382 1277 e
407 1255 530 1277 contra:
555 1248 629 1288 quia
652 1248 684 1277 in
708 1254 795 1287 parte
818 1248 1044 1287 apprehensiva
1067 1250 1241 1290 synderesis
1266 1257 1312 1281 est
1324 1251 1423 1281 virtus

366 1291 522 1321 sufficiens
538 1299 678 1331 respectu
694 1291 764 1321 finis
780 1292 932 1323 absolute.
950 1292 991 1322 Et
1004 1300 1134 1333 propter
1148 1294 1218 1331 hoc,
1238 1294 1338 1334 magis
1354 1295 1422 1325 vul-

365 1343 475 1375 gatum
498 1342 529 1366 et
552 1343 711 1366 cantatum
735 1343 781 1366 est
799 1336 887 1376 quod
903 1336 1000 1367 virtus
1017 1337 1146 1368 moralis
1161 1339 1214 1369 dat
1238 1338 1335 1369 finem
1349 1349 1422 1379 pru-

365 1379 498 1415 dentiae,
522 1390 620 1419 quam
643 1390 659 1410 e
679 1386 796 1410 contra.

420 1424 502 1454 XIV.
527 1424 574 1454 Ex
595 1424 643 1453 his
667 1430 775 1454 autem
790 1430 875 1463 patet
893 1425 1059 1464 quomodo
1084 1433 1271 1465 argumento
1294 1426 1423 1458 satisfiat

364 1467 395 1497 in
409 1468 574 1507 proposito
586 1468 612 1503 *,
626 1468 664 1498 de
677 1468 839 1498 nobilitate
855 1469 1031 1499 secundum
1043 1469 1214 1506 veritatem,
1232 1477 1263 1500 et
1278 1470 1358 1501 hanc
1374 1481 1422 1501 ra-

364 1512 493 1542 tionem.
513 1511 665 1542 Consistit
681 1512 765 1542 enim
781 1512 826 1542 vis
837 1513 1013 1552 argumenti
1028 1513 1060 1543 in
1076 1513 1149 1544 hoc.
1166 1514 1273 1545 Virtus
1289 1514 1359 1545 finis
1376 1522 1422 1545 est

364 1555 500 1586 nobilior
522 1556 636 1586 virtute
659 1566 771 1586 eorum
795 1566 876 1596 quae
898 1563 973 1587 sunt
996 1557 1036 1587 ad
1058 1556 1167 1594 finem,
1193 1558 1274 1589 sicut
1296 1559 1421 1589 habitus

363 1599 591 1639 principiorum
614 1607 659 1630 est
682 1600 819 1630 nobilior
841 1600 949 1631 habitu
974 1601 1234 1632 conclusionum:
1251 1603 1305 1632 sed
1323 1603 1421 1633 virtus

363 1644 491 1674 moralis
514 1651 560 1674 est
582 1651 724 1684 respectu
747 1644 828 1680 finis,
852 1644 1017 1684 prudentia
1040 1653 1182 1686 respectu
1206 1656 1318 1677 eorum
1341 1657 1422 1687 quae

364 1694 438 1718 sunt
460 1689 499 1718 ad
521 1687 634 1718 finem:
659 1698 744 1727 ergo.

1313 1785 1419 1793 ΜΝ

1045 210 1310 256 QUAEsT1o
1340 211 1477 255 vai,
1507 208 1802 246 ARTICULUS
1832 210 1883 246 lv

1537 286 1715 325 Responsio
1738 286 1858 317 litterae
1878 295 1924 318 est
1939 288 1979 318 ad
1995 287 2161 325 minorem,
2180 289 2286 320 dicens
2301 289 2389 330 quod
2405 289 2544 329 pruden-

1482 329 1524 359 tia
1549 337 1595 360 est
1618 339 1730 359 eorum
1753 339 1835 370 quae
1858 337 1933 361 sunt
1947 332 1986 361 ad
2002 331 2108 369 finem,
2127 340 2157 364 et
2171 332 2251 364 finis.
2269 334 2310 364 Et
2324 333 2397 363 ideo
2413 343 2478 363 non
2495 342 2542 363 se-

1481 372 1589 412 quitur
1611 374 1698 413 quod
1723 373 1762 403 sit
1784 373 1967 412 ignobilium
1992 375 2073 406 sicut
2087 384 2270 416 sequeretur
2284 377 2309 407 si
2326 384 2407 408 esset
2428 387 2541 408 eorum

1481 426 1562 456 quae
1585 424 1659 447 sunt
1681 417 1719 446 ad
1740 416 1835 446 finem
1860 425 1993 449 tantum.
2009 437 2030 442 -
2045 420 2086 450 Et
2101 430 2156 460 per
2169 421 2231 451 hoc
2246 420 2379 451 solvitur
2398 421 2451 451 illa
2466 430 2541 451 con·

1480 459 1615 490 firmatio
1639 461 1678 490 de
1700 460 1809 490 habitu
1827 460 2070 502 principiorum:
2095 464 2170 504 quia
2186 464 2302 495 scilicet
2317 464 2442 494 habitus
2458 464 2541 504 prin-

1479 503 1637 543 cipiorum
1665 510 1711 534 est
1733 504 1872 534 nobilior
1898 505 2007 536 habitu
2035 508 2279 538 conclusionum
2306 514 2444 543 tanturm
2474 517 2540 538 non

1479 554 1586 577 autem
1609 547 1717 577 habitu
1742 548 1971 587 principiorum
1993 556 2024 580 et
2047 552 2305 588 conclusionum,
2330 551 2411 581 sicut
2433 557 2480 581 est
2506 551 2540 581 in

1478 591 1654 631 proposito,
1679 591 1733 621 ubi
1757 592 1933 622 secundum
1956 593 2117 624 veritatem
2141 602 2274 636 utraque
2298 602 2344 625 est
2366 594 2539 634 principio-

1478 645 1550 665 rum
1574 642 1604 665 et
1627 635 1881 666 conclusionum.
1906 636 2035 667 Moralis
2052 647 2190 679 namque
2212 639 2310 670 virtus
2335 645 2381 669 est
2403 637 2484 675 finis,
2509 645 2540 669 et

1478 688 1591 708 eorum
1614 689 1696 719 quae
1720 686 1794 709 sunt
1817 680 1856 709 ad
1879 679 1990 710 finem:
2008 680 2082 711 facit
2097 682 2182 712 enim
2197 690 2314 713 rectam
2329 682 2539 713 intentionem

1477 729 1508 753 et
1524 722 1722 753 electionem.
1740 723 1780 753 Et
1796 723 1937 754 similiter
1951 725 2118 763 prudentia
2132 733 2178 756 est
2191 726 2272 763 finis,
2290 733 2321 757 et
2332 736 2445 756 eorum
2457 735 2539 766 quae

1477 774 1551 796 sunt
1574 767 1614 796 ad
1636 766 1751 803 finem;
1776 767 1863 803 dum,
1888 767 2078 798 inveniendo
2098 770 2249 806 medium,
2275 770 2409 810 applicat
2431 770 2539 810 ipsum

1475 810 1604 841 rationis
1628 810 1761 846 bonum,
1778 811 1866 851 quod
1886 818 1932 842 est
1953 811 2035 848 finis,
2051 813 2091 842 ad
2107 814 2305 852 operationes
2321 821 2351 844 et
2365 814 2537 854 passiones,

1477 864 1558 895 quae
1581 861 1655 884 sunt
1678 861 1807 894 propter
1829 854 1936 886 finem.

1532 899 1572 929 Et
1595 905 1670 929 nota
1700 899 1788 939 quod
1811 901 1934 929 Auctor
1961 909 2027 929 non
2050 899 2156 930 solum
2183 900 2316 931 intendit
2338 901 2538 941 prudentiam

1476 952 1542 972 esse
1565 941 1646 978 finis,
1671 943 1725 972 sed
1749 942 1844 972 etiam
1868 943 1997 983 dirigere
2022 944 2157 974 morales
2180 951 2323 984 respectu
2345 944 2469 981 finium,
2489 945 2537 975 in-

1475 986 1603 1016 sinuans
1627 986 1756 1016 alteram
1779 986 2034 1026 responsionem:
2059 987 2176 1018 scilicet
2197 988 2286 1028 quod
2309 989 2348 1018 ad
2367 989 2429 1019 hoc
2448 989 2538 1029 quod

1476 1030 1602 1060 habitus
1625 1037 1767 1070 respectu
1790 1029 1862 1060 finis
1885 1030 1924 1061 sit
1947 1031 2093 1067 nobilior,
2111 1032 2280 1072 requiritur
2298 1033 2386 1072 quod
2409 1032 2448 1063 sit
2466 1042 2536 1073 per-

1476 1073 1575 1104 fectus
1599 1074 1718 1114 absque
1742 1074 1974 1104 mendicatione
1998 1075 2036 1104 ab
2059 1074 2115 1105 illo
2132 1075 2187 1116 qui
2204 1082 2251 1106 est
2266 1082 2408 1116 respectu
2425 1086 2537 1107 eorum

1476 1128 1557 1158 quae
1581 1124 1655 1148 sunt
1677 1118 1717 1147 ad
1739 1116 1845 1148 finem.
1871 1118 1903 1148 Si
1927 1118 2012 1148 enim
2035 1119 2074 1148 ab
2097 1119 2154 1149 illo
2173 1119 2383 1159 perficeretur,
2399 1119 2463 1150 iam
2478 1121 2536 1150 sub

1474 1162 1530 1192 illo
1554 1168 1647 1197 esset;
1677 1171 1734 1191 nec
1758 1169 1839 1192 esset
1865 1161 2096 1202 independens,
2125 1163 2206 1194 sicut
2227 1163 2299 1194 finis
2321 1163 2537 1203 independens

1474 1213 1520 1236 est
1542 1206 1580 1236 ab
1605 1205 1672 1235 aliis
1695 1215 1776 1246 quae
1799 1212 1874 1236 sunt
1896 1206 1934 1236 ad
1957 1205 2066 1238 finem.
2089 1206 2139 1237 Sic
2162 1214 2270 1238 autern
2285 1207 2398 1238 accidit
2412 1207 2445 1238 in
2461 1217 2535 1247 pro-

1475 1249 1597 1289 posito:
1622 1245 1697 1290 quia
1723 1249 1797 1280 licet
1818 1250 1917 1280 virtus
1945 1250 2074 1280 moralis
2098 1251 2138 1281 sit
2160 1250 2231 1281 finis
2259 1251 2354 1282 etiam
2377 1251 2535 1288 absolute,

1475 1304 1541 1334 quo
1554 1294 1653 1324 modo
1670 1293 1767 1333 ipsius
1787 1304 1852 1324 non
1872 1301 1919 1324 est
1932 1294 2108 1334 prudentia,
2121 1295 2175 1325 sed
2192 1295 2380 1336 synderesis;
2397 1301 2537 1326 attamen

1475 1338 1631 1378 dependet
1653 1338 1686 1368 in
1709 1337 1775 1368 fieri
1799 1345 1830 1369 et
1851 1348 1918 1368 esse
1941 1349 1958 1368 a
1982 1339 2157 1378 prudentia,
2183 1349 2264 1380 quae
2288 1346 2334 1370 est
2349 1338 2420 1369 finis
2436 1339 2536 1379 appli-

1477 1389 1553 1418 cate,
1578 1389 1608 1412 et
1631 1391 1743 1412 eorum
1766 1392 1848 1422 quae
1871 1389 1946 1412 sunt
1968 1382 2008 1412 ad
2030 1382 2136 1414 finem.
2161 1383 2202 1414 Et
2224 1390 2391 1424 propterea
2406 1393 2473 1414 non
2489 1393 2535 1414 se-

1475 1426 1583 1467 quitur
1605 1426 1694 1466 quod
1716 1426 1756 1456 sit
1778 1426 1916 1456 nobilior
1938 1426 2114 1466 prudentia.

1526 1470 1594 1501 XV.
1606 1470 1741 1510 Reliqua
1750 1469 1783 1500 in
1799 1470 1838 1500 11·
1851 1470 1926 1500 11··*
1941 1471 2101 1501 tractanda
2115 1477 2198 1501 sunt.
2215 1471 2278 1501 Ubi
2289 1470 2425 1501 rationes
2437 1470 2533 1507 Scoti,
2563 1479 2572 1489 ·
2612 1485 2635 1500 u.
2649 1485 2719 1506 mu,
2730 1482 2772 1501 m.

1474 1514 1507 1544 in
1524 1514 1564 1544 111
1585 1514 1684 1551 Sem„
1703 1514 1772 1544 dist.
1789 1524 1879 1544 xxxV1
1891 1513 1918 1550 ‘¹‘,
1943 1514 2031 1554 quod
2055 1514 2221 1554 prudentia
2240 1515 2279 1546 sit
2293 1521 2437 1555 respectu
2452 1514 2534 1552 finis,
2561 1504 2731 1553 9'An‚¹¹¹2¹,¹¹⁸¹¹¹'

1472 1558 1671 1588 videbuntur.
1696 1558 1736 1588 Et
1759 1567 1864 1598 quare,
1881 1558 1914 1588 in
1933 1558 2054 1589 ratione
2077 1559 2201 1588 duabus
2220 1558 2422 1589 existentibus
2436 1558 2534 1589 virtu-

1474 1602 1573 1637 tibus,
1598 1601 1715 1632 scilicet
1737 1602 1896 1642 synderesi
1919 1608 1950 1632 et
1972 1602 2152 1642 prudentia,
2177 1602 2209 1631 in
2237 1602 2377 1641 appetitu
2401 1612 2466 1632 una
2488 1612 2534 1632 re-

1474 1646 1629 1686 spondeat
1651 1645 1779 1675 moralis
1801 1645 1899 1675 virtus
1922 1652 2064 1684 respectu
2088 1644 2159 1676 finis
2178 1653 2209 1676 et
2235 1655 2348 1676 eorum
2362 1655 2443 1686 quae
2462 1652 2536 1677 sunt
2584 1643 2588 1647 ’

1475 1690 1515 1719 ad
1537 1689 1643 1725 finem,
1667 1689 1832 1719 intendens
1856 1696 1886 1719 et
1909 1689 2034 1728 eligens.

1138 1849 1456 1891 ARTICULUS
1488 1848 1760 1914 QUARTUS

774 1940 929 1970 UTRUM
954 1940 1141 1971 IUSTITIA
1165 1940 1232 1971 SIT
1255 1941 1497 1972 PRAECIPUA
1521 1941 1652 1971 INTER
1675 1941 1892 1971 VIRTUTES
1916 1940 2118 1972 MORALES

604 2017 695 2049 Supra,
709 2022 756 2041 art.
772 2024 796 2047 13
817 2017 847 2041 11·
863 2017 915 2047 11··,
928 2025 971 2050 qu.
985 2025 1059 2047 Lvm,
1079 2023 1124 2043 art.
1143 2024 1187 2050 ης
1207 2026 1252 2051 qu.
1265 2025 1354 2048 cxxm,
1374 2023 1421 2043 art.
1438 2026 1481 2049 12;
1501 2026 1545 2051 qu.
1559 2025 1630 2047 exn,
1649 2023 1696 2043 art.
1711 2017 1740 2048 83
1759 2018 1793 2043 IV
1807 2019 1890 2048 Sent„
1907 2019 1966 2043 dist.
1978 2027 2068 2049 xxxm,
2088 2027 2132 2052 qu.
2145 2027 2187 2051 111,
2213 2026 2259 2045 art.
2275 2020 2303 2051 3;

1250 2053 1292 2079 De
1314 2054 1423 2084 Vir-tut„
1442 2062 1488 2086 qu.
1506 2061 1530 2085 v,
1549 2058 1596 2078 art.
1617 2053 1640 2078 3.

573 2151 595 2175 D
616 2151 787 2180 QUARTUM
807 2151 860 2176 sm
880 2151 1121 2178 PROCEDITUR.
1138 2140 1294 2178 Videtur
1314 2141 1420 2189 quod

413 2224 435 2252 ks
499 2221 508 2240 x
541 2215 547 2237 μ
573 2192 710 2228 iustitia
738 2204 816 2229 non
844 2191 888 2229 sit
915 2193 1118 2241 praecipua
1145 2193 1241 2230 inter
1264 2194 1418 2231 virtutes

379 2229 749 2303 fflmoraleS.
779 2244 905 2282 Maius
935 2245 1036 2282 enim
1057 2253 1112 2283 est
1132 2246 1222 2283 dare
1243 2246 1352 2283 alicui
1372 2247 1419 2284 de

418 2273 515 2337 ᾧ)
530 2288 744 2345 proprio,
774 2310 891 2345 quam
919 2298 1077 2335 reddere
1111 2298 1221 2335 alicui
1254 2299 1358 2347 quod
1387 2300 1421 2336 ei

366 2349 535 2385 debetur.
571 2349 648 2386 Sed
676 2349 841 2397 primum
869 2351 1031 2398 pertinet
1059 2351 1107 2387 ad
1138 2351 1420 2397 liberalitatem:

366 2402 578 2438 secundum
598 2407 725 2438 autern
746 2402 794 2439 ad
813 2402 1001 2440 iustitiam.
1027 2404 1128 2451 Ergo
1147 2403 1297 2440 videtur
1317 2406 1421 2452 quod

365 2451 567 2491 liberalitas
596 2455 642 2491 sit
669 2455 790 2491 maior
817 2455 936 2492 virtus
965 2468 1079 2504 quam
1108 2456 1257 2493 iustitia.

420 2519 454 2544 2.
484 2508 716 2553 PRAETEREA,
745 2507 836 2544 illud
863 2507 1015 2544 videtur
1042 2520 1124 2544 esse
1153 2509 1363 2545 maximum
1384 2509 1422 2546 in

364 2572 613 2608 unoquoque,
634 2560 738 2608 quod
758 2568 813 2596 est
829 2560 1146 2608 perfectissimum
1165 2560 1203 2596 in
1223 2561 1318 2609 ipso.
1345 2562 1422 2598 Sed

365 2613 459 2649 sicut
480 2613 613 2649 dicitur
634 2614 706 2649 lac.
730 2625 739 2648 1
758 2612 790 2659 ³¹⁶,
814 2613 994 2660 patientia
1023 2625 1115 2661 opus
1128 2615 1337 2662 perfectum
1356 2615 1422 2651 ha-

365 2667 432 2710 bet.
464 2666 565 2713 Ergo
593 2665 743 2702 videtur
770 2665 875 2714 quod
902 2665 1080 2714 patientia
1099 2666 1143 2703 sit
1162 2666 1285 2703 maior
1304 2679 1421 2714 quam

365 2718 510 2755 iustitia.
766 2738 775 2747 ι

421 2773 454 2808 3.
476 2772 707 2818 PRAETEREA,
729 2771 1023 2820 magnanimitas
1041 2778 1219 2819 operatur
1238 2784 1421 2822 magnum

366 2824 402 2860 in
437 2825 608 2860 omnibus
637 2824 850 2869 virtutibus,
883 2831 925 2860 ut
953 2823 1087 2860 dicitur
1118 2824 1157 2861 in
1187 2825 1237 2861 lV
1263 2825 1383 2862 Ethic.
1403 2824 1423 2846 ²³⁶

367 2878 467 2924 Ergo
497 2876 714 2924 magnificat
743 2877 856 2919 etiam
876 2876 998 2924 ipsam
1018 2876 1206 2914 iustitiam.
1228 2878 1296 2914 Est
1314 2877 1423 2925 igitur

367 2930 490 2966 maior
518 2941 634 2978 quam
660 2929 806 2966 iustitia.

422 2983 495 3019 SED
524 2994 669 3019 CONTRA
695 2994 761 3019 EST
789 2982 893 3030 quod
921 2982 1175 3031 Philosophus
1205 2982 1303 3030 dicit,
1331 2982 1370 3020 in
1388 2983 1423 3020 V

366 3036 485 3072 Ethic.
503 3036 535 3081 ²¹⁸,
557 3035 661 3082 quod
681 3035 816 3071 iustitia
836 3041 891 3071 est
904 3035 1212 3083 praeclarissima
1230 3036 1422 3073 virtutum.

421 3089 644 3124 RESPONDEO
673 3100 855 3124 morannum
885 3088 989 3136 quod
1008 3087 1128 3124 virtus
1148 3088 1271 3136 aliqua
1291 3101 1424 3125 secun-

369 3141 461 3177 dum
490 3153 599 3176 suam
629 3141 795 3188 speciem
815 3148 940 3188 potest
968 3140 1039 3177 dici
1064 3140 1186 3177 maior
1205 3142 1266 3177 vel
1287 3141 1422 3188 minor,

368 3194 429 3230 vel
464 3192 690 3241 simpliciter,
719 3194 781 3230 vel
815 3194 1025 3230 secundum
1059 3193 1162 3242 quid.
1200 3194 1426 3243 Simpliciter

369 3246 525 3294 quidem
553 3245 671 3283 virtus
701 3246 834 3282 dicitur
861 3246 994 3293 maior,
1024 3247 1234 3283 secundum
1262 3247 1366 3295 quod
1386 3247 1423 3284 in

370 3311 414 3335 ea
442 3298 565 3335 maius
594 3299 740 3335 bonum
769 3298 922 3335 rationis
951 3300 1102 3346 relucet,
1132 3307 1173 3336 ut
1200 3312 1315 3348 supra
1332 3299 1353 3321 ’¹‘
1372 3300 1426 3337 di-

369 3359 470 3388 ctum
500 3359 566 3388 est.
597 3352 646 3388 Et
664 3352 876 3388 secundum
896 3352 981 3398 hoc,
1003 3352 1139 3389 iustitia
1165 3352 1262 3389 inter
1290 3365 1424 3390 omnes

367 3404 524 3440 virtutes
552 3405 714 3440 morales
742 3404 943 3453 praecellit,
964 3412 1147 3452 tanquam
1175 3405 1426 3454 propinquior

428 2167 439 2173 x
492 2167 519 2180 ‹l‘

399 2182 422 2198 ,ιν
429 2190 437 2198 ¹
480 2179 539 2220 '¹2:⁴3¹

411 2202 417 2212 0
424 2204 432 2211 ι
506 2199 543 2233 *⁴

423 3518 449 3550 α)
470 3525 506 3542 ex
525 3517 601 3542 dictis
616 3521 701 3549 patet.
716 3531 734 3536 —
753 3518 851 3542 dictum
871 3521 911 3542 est
929 3517 999 3543 Fla·

1472 2140 1619 2178 rationi.
1650 2140 1766 2187 Quod
1794 2148 1896 2190 patet
1925 2149 1961 2177 et
1980 2153 2025 2177 ex
2045 2141 2226 2190 subiecto,
2250 2149 2286 2179 et
2305 2154 2350 2179 ex
2370 2141 2532 2180 obiecto.

1472 2195 1530 2230 Ex
1558 2193 1727 2230 subiecto
1757 2193 1923 2241 quidem,
1954 2194 2042 2243 quia
2071 2202 2126 2231 est
2151 2194 2190 2231 in
2216 2195 2412 2233 voluntate
2440 2195 2535 2234 sicut

1472 2246 1511 2283 in
1538 2246 1725 2283 subiecto:
1755 2247 1932 2283 voluntas
1961 2254 2089 2284 autem
2117 2255 2173 2284 est
2201 2247 2390 2296 appetitus
2422 2248 2534 2287 ratio·

1473 2299 1578 2346 nalis,
1598 2306 1639 2335 ut
1652 2311 1699 2335 ex
1720 2299 1826 2336 dictis
1840 2298 1860 2321 ’¹‘
1874 2306 1977 2348 patet
1992 2305 2020 2336 α.
2037 2300 2260 2337 Secundum
2280 2308 2407 2338 autem
2428 2301 2534 2338 obie-
2562 2312 2631 2360 *3211-
2640 2315 2745 2362 '¹¹¹¹·⁸r‘2¹'
2753 2317 2770 2360 {²

1474 2359 1577 2387 ctum
1607 2351 1688 2388 sive
1716 2351 1927 2398 materiam,
1957 2352 2046 2399 quia
2074 2359 2130 2388 est
2157 2353 2255 2389 circa
2279 2353 2532 2401 operationes,
2561 2344 2577 2367 ‘¹
2595 2344 2681 2392 '¹¹2'
2733 2354 2739 2361 '
2764 2352 2772 2360 ⁶

1474 2404 1611 2452 quibus
1638 2404 1757 2440 homo
1787 2403 1981 2440 ordinatur
2005 2416 2082 2441 non
2103 2405 2227 2441 solum
2246 2405 2286 2442 in
2304 2405 2442 2453 seipso,
2465 2406 2533 2444 sed

1475 2457 1587 2493 etiam
1608 2456 1657 2493 ad
1677 2457 1848 2493 alterum.
1874 2456 1985 2493 Unde
2005 2457 2141 2494 iustitia
2161 2463 2215 2494 est
2225 2458 2533 2506 praeclarissima

1473 2510 1665 2554 virtutum,
1694 2516 1736 2545 ut
1764 2508 1898 2545 dicitur
1916 2509 1955 2546 in
1973 2509 2009 2546 V
2025 2509 2177 2547 Ethic.*
2196 2531 2220 2537 —
2242 2512 2341 2547 Inter
2359 2511 2448 2548 alias
2467 2524 2534 2549 au·
2561 2524 2571 2533 ·
2589 2522 2645 2570 *2¹53-
2659 2527 2708 2550 ars·
2723 2522 2772 2544 Sed

1474 2569 1551 2598 tem
1579 2561 1737 2598 virtutes
1764 2562 1941 2608 morales,
1970 2574 2070 2609 quae
2097 2570 2184 2599 sunt
2207 2562 2305 2599 circa
2323 2563 2533 2612 passiones,
2561 2554 2606 2571 ⁶⁰⁸
2631 2554 2655 2570 α’

1474 2621 1578 2650 tanto
1598 2614 1636 2650 in
1654 2625 1884 2662 unaquaque
1904 2614 2025 2662 magis
2045 2615 2186 2652 relucet
2204 2615 2358 2653 rationis
2374 2616 2532 2664 bonum,

1475 2674 1618 2716 quanto
1647 2667 1744 2702 circa
1773 2666 1918 2703 maiora
1946 2674 2073 2704 motus
2106 2668 2333 2717 appetitivus
2361 2669 2535 2706 subditur

1476 2719 1622 2756 rationi.
1644 2719 1857 2756 Maximum
1873 2726 2000 2756 autem
2016 2719 2054 2756 in
2073 2720 2130 2757 his
2150 2733 2248 2770 quae
2269 2721 2316 2759 ad
2335 2721 2534 2760 hominem

1475 2772 1678 2820 pertinent,
1710 2779 1765 2808 est
1790 2772 1879 2820 vita,
1901 2785 1923 2809 a
1942 2785 2018 2821 qua
2045 2772 2177 2810 omnia
2204 2773 2276 2811 alia
2303 2774 2532 2822 dependent.

1476 2826 1524 2861 Et
1542 2825 1627 2862 ideo
1643 2825 1834 2872 fortitudo,
1851 2837 1951 2873 quae
1971 2825 2219 2874 appetitivum
2238 2834 2388 2863 motum
2407 2827 2535 2865 subdit

1476 2878 1612 2914 rationi
1644 2877 1682 2914 in
1715 2878 1772 2914 his
1801 2889 1899 2925 quae
1933 2878 1981 2915 ad
2015 2886 2179 2915 mortem
2209 2887 2245 2916 et
2270 2879 2388 2916 vitam
2420 2880 2533 2928 perti·

1477 2938 1579 2978 nent,
1608 2930 1775 2979 primum
1804 2931 1930 2968 locum
1952 2938 2054 2968 tenet
2074 2932 2170 2968 inter
2186 2932 2343 2969 virtutes
2367 2933 2532 2970 morales

1477 2996 1573 3032 quae
1603 2991 1689 3020 sunt
1717 2983 1815 3020 circa
1842 2983 2056 3032 passiones:
2077 2992 2206 3022 tamen
2226 2984 2419 3022 ordinatur
2437 2985 2533 3024 infra

1476 3036 1666 3073 iustitiam.
1688 3037 1797 3073 Unde
1817 3036 2073 3085 Philosophus
2093 3037 2192 3084 dicit,
2211 3037 2251 3074 in
2270 3039 2284 3074 I
2304 3037 2531 3087 Rhetoric.*,
2558 3047 2571 3060 ‘
2584 3047 2690 3076 cup-1¹,
2705 3053 2728 3069 n·
2745 3047 2769 3069 6-

1477 3089 1581 3137 quod
1595 3101 1747 3126 <necesse
1765 3095 1818 3126 est
1835 3090 2024 3126 maximas
2051 3102 2129 3127 esse
2146 3090 2310 3136 virtutes,
2331 3102 2428 3139 quae
2447 3097 2536 3129 sunt

1477 3142 1559 3178 aliis
1585 3143 1917 3180 honoratissimae:
1944 3143 2125 3191 siquidem
2153 3149 2207 3179 est
2231 3144 2349 3180 virtus
2365 3144 2533 3192 potentia

1477 3195 1719 3243 benefactiva.
1748 3196 1908 3243 Propter
1925 3196 2007 3242 hoc,
2017 3197 2142 3244 fortes
2169 3201 2205 3232 et
2230 3196 2343 3233 iustos
2365 3196 2534 3242 maxime

1477 3249 1680 3285 honorant.-
1708 3249 1801 3285 haec
1824 3248 1970 3296 quidem
1991 3249 2089 3286 enim
2109 3249 2146 3286 in
2167 3248 2273 3295 bello,
2299 3248 2442 3286 scilicet
2459 3249 2532 3286 for-

1478 3300 1617 3346 titudo;
1645 3302 1738 3338 haec
1764 3307 1901 3347 aulem,
1931 3300 2070 3338 scilicet
2097 3301 2246 3348 iustitia,
2276 3307 2311 3338 et
2329 3302 2366 3339 in
2386 3301 2479 3339 bello
2497 3307 2536 3339 et

1478 3354 1514 3390 in
1539 3365 1636 3401 pace
1664 3353 1761 3390 utilis
1788 3359 1850 3390 est.
1877 3375 1899 3381 -
1922 3354 2012 3390 Post
2036 3354 2295 3392 fortitudinem
2323 3362 2452 3392 autem
2471 3366 2531 3391 or-

1479 3406 1627 3443 dinatur
1654 3406 1915 3454 temperantia,
1936 3418 2034 3455 quae
2059 3407 2206 3444 subiicit
2233 3406 2367 3444 rationi
2390 3406 2532 3456 appeti-
