2852 4152
94 1045 240 1095 hmcip.
247 1047 307 1067 orat.

998 242 1263 288 QUAESTIO
1292 242 1427 287 XXIV,
1457 241 1751 278 ARTICULUS
1782 241 1830 277 III

2426 241 2491 278 181

1132 384 1446 427 ARTICULUS
1474 384 1700 426 TERTIUS

551 486 704 517 UTRUM
728 485 872 517 PAssm
894 487 1055 524 ADDAT,
1078 487 1161 518 VEL
1184 486 1407 522 DIMINUAT,
1431 486 1488 516 AD
1512 485 1768 517 BONITATEM
1791 485 1875 515 VEL
1898 485 2112 516 MALlTlAM
2135 484 2276 516 Acriis

831 596 833 598 .
889 572 930 597 De
953 572 1040 602 Verit„
1061 580 1105 605 qu.
1123 580 1188 602 xxvi,
1208 577 1255 598 art.
1269 580 1298 605 7;
1320 572 1361 597 De
1378 572 1460 601 Malo,
1481 580 1524 605 qu.
1544 580 1580 601 ιιι,
1599 577 1645 597 art.
1665 580 1707 603 ιη
1727 579 1771 604 qu.
1790 579 1838 601 xn.
1858 577 1904 597 art.
1923 580 1943 597 1.

472 690 521 729 15«
546 680 568 705 D
596 679 755 704 TERTIUM
778 679 830 704 sic
850 679 1088 705 PROCEDITUR.
1109 668 1267 706 Videtur
1285 668 1388 717 quod

362 704 670 779 “⁴2:52
708 732 971 769 quaecumque
1014 733 1165 770 semper
1206 720 1390 758 diminuat

415 789 470 813 v,
482 759 513 813 f
546 773 593 809 de
622 772 787 809 bonitate
817 781 920 810 actus
945 774 1109 810 moralis.
1131 774 1259 811 Omne
1287 773 1387 810 enirn

356 818 360 826 '
390 792 532 857 (³⁴³³)
502 817 649 874 &quod
668 825 827 874 impedit
853 825 1033 863 iudicium
1054 826 1219 872 rationis,
1242 837 1286 862 ex
1309 837 1386 873 quo

335 876 525 925 dependet
544 877 691 914 bonitas
711 885 815 915 actus
834 879 998 924 moralis,
1019 878 1191 916 diminuit
1213 889 1280 926 per
1299 890 1388 914 eon-

334 940 498 978 sequens
517 930 725 967 bonitatem
745 938 849 968 actus
873 930 1037 968 moralis.
1059 931 1136 968 Sed
1161 930 1285 967 omnis
1302 942 1388 979 pas-

335 980 391 1018 sio
429 981 586 1030 impedit
613 982 795 1020 iudicium
820 983 992 1020 rationis:
1022 983 1239 1022 dicitenim
1269 983 1387 1020 Sallu-

333 1033 437 1082 stius,
466 1034 505 1071 in
529 1036 746 1073 Catilinario
765 1035 805 1072 *z
835 1036 971 1073 Omnes
988 1036 1156 1073 homines
1182 1035 1248 1084 qui
1264 1036 1309 1072 de
1331 1047 1388 1072 re-

335 1088 403 1124 bus
429 1088 549 1125 dubiis
576 1089 795 1134 consultant,
810 1089 859 1125 ab
887 1089 983 1134 odio,
1001 1089 1070 1134 ira,
1086 1089 1249 1125 amicitia
1278 1093 1388 1136 atque

333 1140 590 1178 misericordia
607 1153 748 1179 vacuos
766 1153 844 1178 esse
862 1141 973 1178 decet.
995 1142 1096 1188 Ergo
1117 1140 1242 1178 omnis
1261 1140 1385 1189 passio

335 1192 509 1230 diminuit
535 1191 743 1231 bonitate'm
772 1193 925 1230 moralis
954 1200 1068 1230 actus.

388 1257 424 1283 2.
444 1247 677 1294 PRAETEREA,
706 1253 810 1283 actus
838 1245 1018 1291 hominis,
1048 1253 1190 1292 quanto
1219 1252 1274 1282 est
1301 1246 1385 1282 Deo

335 1298 503 1346 similior,
531 1306 635 1336 tanto
664 1306 720 1335 est
747 1297 901 1334 melior:
930 1298 1033 1334 unde
1062 1297 1150 1334 dicit
1168 1297 1385 1345 Apostolus,

333 1352 468 1399 Ephes.
487 1363 512 1387 v
538 1350 579 1387 *z
611 1351 738 1386 Estote
765 1349 967 1385 imitatores
994 1349 1084 1393 Dei,
1112 1349 1206 1384 sicut
1221 1348 1302 1396 filii
1326 1360 1386 1386 ca-

333 1403 500 1450 tissimi.
513 1403 591 1439 Sed
616 1402 721 1439 Deus
752 1406 788 1437 et
806 1401 933 1438 sancti
965 1400 1095 1450 angeli
1123 1401 1202 1438 sine
1229 1400 1287 1436 ira
1314 1412 1386 1448 pu-

334 1455 451 1500 niunt,
477 1454 558 1492 sine
584 1453 793 1490 miseriae
812 1453 1068 1502 compassione
1088 1453 1328 1497 subveniunt;
1347 1461 1387 1490 ut

333 1506 566 1555 Augustinus
595 1505 694 1553 dicit,
724 1505 763 1543 in
791 1506 843 1543 IX
870 1506 916 1543 de
948 1505 1026 1547 Civ.
1055 1506 1130 1542 Dei
1145 1505 1176 1542 ²¹².
1202 1505 1303 1552 Ergo
1333 1513 1388 1542 est

333 1559 469 1598 melius
495 1557 716 1597 huiusmodi
744 1570 861 1607 opera
889 1558 992 1595 bona
1015 1555 1030 1587 β
1055 1570 1165 1606 agere
1194 1556 1273 1594 sine
1301 1569 1387 1606 pas-

333 1612 442 1651 sione
470 1611 631 1659 animae,
665 1623 781 1660 quam
811 1623 899 1648 cum
926 1610 1115 1660 passione.

388 1665 423 1703 3.
443 1665 679 1711 PRAETEREA,
709 1663 805 1701 sicut
830 1664 974 1700 malum
1007 1663 1152 1700 morale
1186 1662 1388 1700 attenditur

281 1729 402 1786 Nper
428 1717 603 1754 ordinem
625 1716 675 1754 ad
703 1716 901 1764 rationem,
922 1716 972 1753 ita
1000 1723 1036 1753 et
1051 1717 1200 1753 bonum
1229 1715 1385 1752 morale„

333 1769 413 1809 Sed
449 1770 594 1808 malum
621 1769 766 1806 moral'e
803 1768 1023 1806 diminuitur
1050 1781 1119 1818 per
1145 1767 1386 1817 passionem:

332 1822 460 1866 minus
479 1822 581 1860 enirn
598 1829 732 1871 peccat
764 1822 827 1870 qui
846 1829 978 1870 peccat
997 1834 1042 1859 ex
1060 1820 1249 1871 passione,
1270 1832 1387 1868 quam

280 1882 284 1885 '
333 1874 398 1926 qui
433 1882 567 1924 peccat
602 1886 648 1912 ex
680 1874 873 1912 industria.
912 1875 1014 1922 Ergo
1051 1873 1173 1912 maius
1193 1878 1209 1901 Υ
1243 1873 1388 1910 bonum

333 1934 512 1976 operatur
531 1927 604 1977 qui,
615 1935 792 1976 operatur
806 1928 952 1965 bonum
970 1927 1050 1964 sine
1064 1927 1253 1976 passione,
1270 1937 1388 1974 quam

331 1979 400 2030 qui
425 1987 603 2029 operatur
631 1992 720 2017 cum
746 1979 933 2029 passione.

386 2033 461 2071 SED
489 2044 635 2070 coum
662 2044 728 2070 EST
755 2033 860 2082 quod
887 2031 1119 2079 Augustinus
1148 2030 1247 2078 dicit,
1268 2031 1321 2067 IX
1343 2030 1389 2066 de

337 2085 418 2123 Civ.
438 2085 513 2124 Dei
529 2084 560 2133 ²¹²,
590 2079 696 2145 quod
712 2084 839 2134 passio
862 2083 1142 2121 misericordiae
1170 2083 1311 2120 rationi
1326 2083 1387 2120 de—

330 2137 456 2184 servit,
472 2137 622 2187 quando
642 2137 692 2175 ita
714 2138 919 2186 praebetur
936 2135 1205 2182 misericordia,
1222 2140 1262 2172 ut
1288 2136 1387 2172 iusti-

331 2191 383 2232 tia
411 2195 661 2236 conservetur,
680 2189 758 2227 sive
785 2201 870 2227 cum
900 2189 1082 2239 indigenti
1106 2188 1290 2234 tribuitur,
1309 2188 1388 2225 sive

332 2255 418 2280 cum
447 2242 654 2292 ignoscitur
664 2242 879 2291 poenitenti.
915 2242 992 2280 Sed
1019 2241 1109 2279 nihil
1129 2241 1234 2290 quod
1262 2241 1387 2278 deser-

330 2294 387 2332 vit
414 2294 560 2342 rationi,
581 2293 756 2332 diminuit
773 2295 921 2332 bonum
947 2295 1103 2331 morale.
1133 2294 1236 2341 Ergo
1259 2292 1386 2342 passio

333 2347 484 2385 animae
514 2359 593 2384 non
621 2345 795 2384 diminuit
821 2347 968 2383 bonum
997 2346 1126 2383 moris.

385 2400 612 2436 Rnsroumzo
640 2411 823 2436 mei-:unum
851 2399 957 2447 quod
986 2398 1118 2446 Stoici,
1149 2398 1244 2434 sicut
1269 2409 1388 2446 pone-

331 2451 423 2489 bant
451 2463 609 2489 omnem
636 2451 855 2500 passionem
875 2451 1025 2488 animae
1054 2462 1136 2488 esse
1165 2451 1318 2498 malam,
1338 2450 1388 2487 ita

330 2505 526 2554 ponebant
560 2512 835 2553 consequenter
863 2516 1021 2541 omnem
1054 2503 1273 2552 passionem
1311 2503 1389 2539 ani-

331 2569 420 2594 mae
440 2557 650 2595 diminuere
678 2564 782 2594 actus
801 2557 1024 2593 bonitatem:
1055 2568 1171 2594 omne
1199 2555 1302 2592 enim
1321 2556 1388 2592 bo-

332 2621 427 2646 num
456 2622 502 2661 ex
537 2609 786 2658 permixtione
814 2609 904 2645 mali
937 2609 999 2645 vel
1034 2608 1197 2646 totaliter
1228 2608 1386 2656 tollitur,

331 2662 395 2698 vel
422 2661 466 2698 fit
481 2661 608 2698 minus
635 2662 794 2698 bonum.
815 2661 865 2697 Et
882 2661 957 2697 hoc
985 2661 1140 2709 quidem
1163 2671 1300 2697 verum
1321 2667 1387 2708 est,

333 2712 366 2751 si
393 2713 564 2751 dicamus
586 2713 786 2762 ‘passiones
821 2713 971 2750 animae
1003 2713 1128 2750 solum
1156 2711 1390 2750 inordinatos

333 2771 462 2803 motus
489 2765 656 2803 sensitivi
675 2765 873 2815 appetitus,
893 2773 1007 2814 prout
1029 2773 1115 2802 sunt
1140 2765 1389 2814 perturbatio-

334 2830 404 2856 nes
422 2830 491 2855 seu
509 2817 771 2866 aegritudines.
802 2819 880 2856 Sed
907 2818 937 2855 si
955 2819 1150 2867 passiones
1175 2818 1390 2867 simpliciter

334 2870 581 2909 nominemus
610 2883 745 2908 omnes
768 2874 895 2907 motus
922 2870 1108 2919 appetitus
1137 2870 1322 2931 sensitivi,
1336 2871 1390 2908 sic

335 2923 386 2960 ad
400 2923 670 2973 perfectionem
686 2923 844 2960 humani
863 2923 955 2960 boni
977 2924 1138 2972 pertinet
1157 2924 1262 2972 quod
1276 2923 1389 2961 etiam

335 2976 440 3035 ipsae
458 2977 654 3026 passiones
670 2975 742 3014 sint
756 2976 979 3013 moderatae
990 2988 1059 3026 per
1074 2975 1271 3013 rationem.
1289 2976 1389 3014 Cum

337 3029 439 3066 enim
471 3029 618 3068 bonum
646 3028 810 3066 hominis
843 3028 1021 3065 consistat
1049 3029 1088 3065 in
1117 3028 1260 3066 ratione
1295 3028 1390 3066 sicut

335 3081 374 3119 in
410 3081 554 3130 radice,
590 3089 694 3119 tanto
737 3081 835 3119 istud
872 3081 1020 3118 bonum
1061 3081 1129 3118 erit
1167 3081 1388 3130 perfectius,

1442 676 1584 716 quanto
1604 668 1652 705 ad
1672 669 1778 717 plura
1793 680 1890 717 quae
1905 667 2051 704 homini
2071 668 2310 715 conveniunt,
2332 668 2491 706 derivari

1442 727 1576 769 potest.
1598 720 1708 758 Unde
1728 722 1849 758 nullus
1870 720 2013 758 dubitat
2040 720 2131 768 quin
2151 720 2199 758 ad
2218 720 2488 770 perfectionem

1441 773 1595 811 moralis
1633 773 1723 810 boni
1761 774 1944 822 pertineat
1979 772 2084 821 quod
2120 780 2225 810 actus
2266 773 2493 811 exteriorum

1441 826 1703 862 membrorum
1723 838 1792 874 per
1810 825 1962 863 rationis
1991 826 2160 875 regulam
2181 825 2395 874 dirigantur.
2416 826 2494 864 Un-

1443 878 1506 925 de,
1537 890 1624 915 cum
1653 878 1838 927 appetitus
1871 877 2070 916 sensitivus
2101 878 2221 927 possit
2253 877 2407 916 obedire
2437 891 2493 916 ra-

1441 930 1552 977 tioni,
1587 939 1628 968 ut
1661 943 1774 979 supra
1801 930 1821 952 '²‘
1854 931 1996 968 dictum
2031 938 2105 977 est,
2140 931 2189 967 ad
2221 931 2493 980 perfectionem

1442 983 1594 1020 moralis
1631 982 1711 1020 sive
1739 983 1894 1020 humani
1923 983 2013 1020 boni
2049 983 2209 1032 pertinet
2241 983 2345 1032 quod
2379 984 2493 1021 etiam

1440 1034 1543 1083 ipsae
1571 1035 1767 1084 passiones
1796 1035 1944 1072 animae
1972 1035 2044 1072 sint
2070 1036 2259 1083 regulatae
2286 1048 2355 1084 per
2381 1036 2493 1074 ratio-

1441 1100 1542 1125 nem.

1495 1140 1599 1177 Sicut
1625 1140 1734 1188 igitur
1762 1140 1895 1176 melius
1919 1148 1975 1176 est
1993 1141 2097 1187 quod
2124 1140 2243 1176 homo
2264 1149 2300 1177 et
2317 1141 2406 1178 velit
2425 1141 2492 1179 bo-

1440 1205 1545 1240 num,
1580 1201 1616 1230 et
1647 1193 1756 1230 faciat
1789 1193 1961 1230 exteriori
1986 1200 2091 1238 actu;
2121 1193 2171 1229 ita
2201 1193 2313 1230 etiam
2333 1194 2380 1231 ad
2408 1206 2492 1242 per-

1440 1245 1642 1283 fectionem
1670 1245 1760 1282 boni
1791 1245 1945 1282 moralis
1971 1244 2132 1294 pertinet
2164 1246 2268 1294 quod
2295 1247 2414 1290 horno
2443 1247 2492 1283 ad

1442 1298 1586 1335 bonum
1608 1306 1808 1335 moveatur
1830 1310 1909 1335 non
1927 1298 2051 1335 solum
2080 1297 2291 1335 secundum
2318 1299 2492 1335 volunta-

1440 1357 1529 1396 tem,
1557 1350 1624 1387 sed
1645 1350 1756 1387 etiam
1785 1350 1995 1387 secundum
2015 1350 2222 1398 appetitum
2251 1351 2491 1396 sensitivum;

1440 1402 1650 1438 secundum
1679 1402 1768 1439 illud
1798 1402 1902 1450 quod
1919 1402 1958 1439 in
1978 1404 2129 1439 Psalmo
2150 1415 2279 1440 Lxxxni
2298 1403 2319 1424 ’¹‘
2343 1403 2491 1440 dicitur:

1446 1455 1522 1491 Cor
1552 1466 1677 1491 meum
1709 1460 1745 1491 et
1771 1466 1860 1491 caro
1894 1467 1977 1491 mea
2010 1455 2272 1492 exultaverunt
2302 1456 2339 1492 in
2367 1457 2491 1493 Deum

1439 1506 1579 1552 vivum,
1594 1514 1635 1543 ut
1653 1518 1720 1543 cor
1739 1507 1967 1555 accipiamus
1986 1519 2056 1554 pro
2072 1507 2238 1555 appetitu
2253 1508 2490 1556 intellectivo‚

1440 1571 1592 1596 carnem
1622 1566 1749 1595 autem
1778 1572 1847 1607 pro
1876 1559 2042 1607 appetitu
2071 1560 2261 1597 sensitivo.

1493 1612 1552 1648 An
1580 1623 1716 1648 ΡιιιΜυΜ
1744 1623 1841 1648 ERGO
1861 1623 2046 1648 manDUM
2075 1612 2181 1660 quod
2202 1612 2397 1660 passiones
2416 1612 2493 1649 ani-

1441 1675 1526 1700 mae
1561 1663 1756 1712 dupliciter
1789 1676 1828 1700 se
1861 1671 2020 1712 possunt
2051 1664 2191 1700 habere
2229 1664 2278 1701 ad
2313 1664 2493 1702 iudicium

1440 1716 1589 1753 raionis.
1623 1716 1710 1754 Uno
1744 1716 1879 1763 modo,
1910 1715 2185 1753 antecedenter.
2222 1717 2271 1753 Et
2303 1716 2372 1763 sic,
2406 1729 2493 1753 cum

1441 1769 1664 1809 obnubilent
1677 1769 1856 1806 iudicium
1876 1768 2037 1816 rationis,
2059 1781 2104 1805 ex
2124 1781 2200 1818 quo
2221 1768 2409 1818 dependet
2427 1770 2494 1806 bo-

1441 1822 1536 1865 nitas
1565 1822 1718 1859 moralis
1746 1829 1862 1869 actus,
1893 1822 2107 1859 diminuunt
2135 1830 2239 1859 actus
2268 1822 2492 1872 bonitatem:

1442 1874 1666 1912 laudabilius
1704 1875 1805 1912 enim
1847 1882 1903 1912 est
1939 1874 2043 1922 quod
2082 1886 2127 1911 ex
2167 1874 2303 1912 iudicio
2341 1875 2493 1912 rationis

1442 1927 1576 1976 aliquis
1603 1927 1714 1964 faciat
1749 1939 1846 1976 opus
1875 1927 2053 1974 caritatis,
2083 1939 2200 1975 quam
2229 1939 2275 1964 ex
2302 1927 2383 1964 sola
2407 1940 2493 1976 pas-

1442 1979 1549 2017 sione
1564 1979 1987 2017 misericordiae-Alio
2008 1980 2126 2017 modo
2141 1992 2182 2016 se
2202 1980 2343 2017 habent
2362 1992 2494 2017 conse-

1433 2039 1611 2080 quenter.
1640 2033 1689 2068 Et
1710 2033 1785 2069 hoc
1813 2031 2019 2081 dupliciter.
2050 2032 2136 2069 Uno
2165 2032 2296 2080 modo,
2324 2044 2393 2081 per
2412 2045 2494 2069 mo-

2520 940 2529 949 '
2546 939 2593 966 Qu.
2612 945 2671 967 xvu,
2685 943 2727 962 art.

2518 1413 2529 1424 ⁸
2543 1413 2609 1436 Vers.
2623 1421 2643 1443 3.

1441 2084 1534 2122 dum
1569 2084 1862 2122 redundantiae:
1894 2084 1984 2134 quia
2016 2084 2171 2132 scilicet,
2206 2097 2292 2122 cum
2324 2085 2495 2134 superior
2544 2098 2546 2100 ’

1439 2149 1528 2186 pars
1547 2137 1695 2174 animae
1723 2137 1868 2174 intense
1896 2144 2074 2174 movetur
2091 2137 2128 2174 in
2156 2137 2307 2185 aliquid,
2328 2138 2495 2186 sequitur

1440 2197 1587 2226 motum
1609 2189 1688 2226 eius
1709 2189 1819 2226 etiam
1838 2202 1924 2238 pars
1943 2189 2106 2226 inferior.
2136 2190 2186 2226 Et
2204 2190 2256 2226 sic
2274 2190 2400 2238 passio
2420 2190 2494 2228 exi-

1441 2250 1542 2279 stens
1563 2250 1837 2290 consequenter
1868 2242 1907 2279 in
1934 2242 2103 2291 appetitu
2135 2242 2326 2290 sensitivo,
2360 2250 2415 2279 est
2447 2242 2494 2279 si—

1441 2306 1557 2342 gnum
1585 2294 1805 2331 intensionis
1832 2294 2047 2331 voluntatis.
2077 2295 2126 2330 Et
2149 2294 2202 2331 sic
2229 2294 2368 2332 indicat
2387 2295 2496 2340 bon‘i-

1441 2355 1557 2384 tatem
1586 2346 1772 2383 moralem
1800 2347 1998 2383 maiorem.
2019 2367 2042 2374 -
2063 2347 2148 2383 Alio
2176 2347 2306 2394 modo,
2327 2360 2395 2396 per
2413 2360 2495 2385 mo-

1443 2400 1534 2437 dum
1565 2399 1774 2436 electionis:
1809 2400 1962 2448 quando
1991 2399 2129 2436 scilicet
2151 2400 2270 2436 homo
2291 2412 2336 2436 ex
2357 2400 2494 2437 iudicio

1443 2451 1596 2489 rationis
1617 2451 1715 2499 eligit
1742 2452 1841 2488 affici
1860 2452 1983 2501 aliqua
2002 2452 2189 2500 passione,
2213 2460 2255 2489 ut
2281 2453 2495 2502 promptius

1443 2512 1639 2553 operetur,
1675 2512 1902 2552 cooperante
1938 2504 2105 2553 appetitu
2142 2504 2333 2542 sensitivo.
2367 2506 2416 2542 Et
2443 2506 2496 2542 sic

1441 2557 1567 2606 passio
1597 2556 1746 2593 animae
1774 2557 1878 2594 addit
1905 2558 1952 2594 ad
1981 2555 2188 2593 bonit'atem
2221 2557 2388 2594 actionis.

1494 2611 1553 2646 AD
1582 2620 1770 2646 SECUNDUM
1789 2621 1972 2646 mcssNDUM
1999 2609 2103 2657 quod
2122 2609 2161 2645 in
2188 2610 2271 2646 Deo
2308 2617 2342 2646 et
2369 2610 2408 2646 in
2431 2622 2496 2646 an-

1442 2661 1532 2710 gelis
1560 2673 1639 2698 non
1676 2667 1731 2698 est
1759 2662 1944 2710 appetitus
1973 2661 2193 2709 sensitivus,
2222 2674 2348 2710 neque
2381 2662 2494 2699 etiam

1443 2714 1618 2751 membra
1654 2725 1857 2762 corporea:
1889 2721 1924 2750 et
1951 2713 2038 2751 ideo
2075 2713 2221 2751 bonum
2258 2714 2297 2752 in
2329 2714 2382 2751 eis
2416 2727 2495 2752 non

1443 2766 1644 2804 attenditur
1659 2766 1870 2803 secundum
1885 2766 2162 2804 ordinatIOnem
2182 2767 2404 2815 passionum
2432 2775 2497 2804 aut

1444 2829 1716 2872 corporeorum
1745 2828 1909 2866 actuum,
1931 2819 2025 2856 sicut
2052 2819 2090 2856 in
2118 2819 2239 2856 nobis.

1495 2874 1554 2909 An
1581 2883 1740 2909 τειιτιυΜ
1768 2883 1950 2909 monimum
1979 2871 2084 2919 quod
2118 2871 2242 2920 passio
2271 2872 2429 2909 tendens
2456 2871 2495 2908 in

1443 2918 1604 2972 malum,
1637 2925 1868 2973 praecedens
1900 2924 2080 2961 iudicium
2118 2924 2291 2971 rationis,
2327 2924 2498 2962 diminuit

1442 2985 1662 3025 peccatum:
1693 2977 1760 3015 sed
1780 2989 2015 3026 consequens
2034 2976 2160 3025 aliquo
2180 2976 2461 3025 praedictorum
2475 2976 2496 2999 ²¹³

1443 3029 1671 3077 modorum,
1700 3038 1812 3077 auget
1839 3030 1986 3079 ipsum,
2015 3029 2077 3066 vel
2105 3029 2289 3077 significat
2315 3042 2494 3078 augmen·

1442 3089 1524 3118 tum
1553 3094 1644 3119 eius.

390 3222 417 3254 α)
437 3222 568 3246 miseriae.
585 3235 605 3240 -
623 3221 684 3246 Om.
703 3222 812 3246 codices.

390 3255 416 3289 β)
435 3257 513 3282 bona.
529 3270 549 3276 -
566 3257 627 3282 Om.
647 3257 720 3281 PEF.

1498 3222 1524 3254 γ)
1540 3221 1634 3246 maius.
1647 3235 1666 3241 —
1682 3222 1768 3247 minus
1788 3222 2035 3247 PABCDFGHIKL.
2054 3222 2103 3246 Pro
2123 3223 2217 3247 bonum
2236 3223 2304 3252 sine,
2325 3223 2419 3248 bonum
2438 3231 2497 3248 cum

1447 3256 1514 3287 sFH,
1534 3257 1590 3281 sine
1607 3257 1639 3287 P;
1658 3264 1706 3289 pro
1723 3264 1790 3286 cum,
1810 3257 1866 3282 sine
1884 3257 1953 3282 sFH.

2523 2985 2532 2994 '¹
2550 2984 2574 3005 1n
2589 2989 2650 3011 resp.
2660 2983 2688 3004 ad
2703 2989 2718 3004 ι.
