2846 4146
109 754 120 765 ‘
133 753 172 775 Cf.
194 758 233 780 qu.
254 758 319 780 cvm,

110 779 197 801 Introd.

109 1579 117 1587 ·
134 1578 226 1605 Cap.x,
243 1583 265 1599 n.
280 1583 299 1606 3.

1057 192 1321 239 QUAESTIO
1351 193 1453 239 LXI,
1482 192 1776 229 ARTICULUS
1808 194 1820 228 1

812 372 1219 449 QUAESTIO
1265 371 2086 429 SEXAGESIMAPRIMA'

951 492 1033 530 DE
1066 489 1432 530 VIRTUTIBUS
1467 489 1917 531 CARDINALIBUS

1133 594 1167 619 IN
1197 593 1356 624 QUINQUE
1384 594 1585 619 ARTICULOS
1612 594 1729 620 DIVISA

431 709 536 735 EINDE
565 696 884 734 considerandum
904 703 960 732 est
988 695 1034 731 de
1062 695 1264 732 virtutibus
1284 695 1403 732 cardi-

349 708 577 790 Dnalibus
596 750 626 786 ²³³.

347 804 396 840 Et
424 803 521 840 circa
548 803 623 838 hoc
651 807 882 850 quaeruntur
909 799 1090 848 quinque.

399 855 549 892 Primo:
578 861 703 890 utrum
731 853 887 890 virtutes
925 853 1089 890 morales
1128 853 1292 890 debeant
1330 852 1403 890 dici

452 907 670 953 cardinales,
690 906 752 942 vel
779 905 1017 954 principales.

399 959 598 996 Secundo:
629 958 676 995 de
704 970 867 995 numero
897 970 1041 995 earum.

1513 695 1666 732 Tertio:
1695 707 1794 744 quae
1823 696 1907 733 sint.

1515 761 1682 807 Quarto:
1711 767 1839 798 utrum
1869 761 2044 799 differant
2071 763 2119 800 ab
2138 763 2316 802 invicem.

1487 867 1491 870 ,
1512 826 1677 872 Quinto:
1707 834 1836 864 utrum
1856 827 2073 865 dividantur
2091 829 2362 868 convenienter
2384 830 2424 868 in
2442 832 2518 869 vir-

1564 900 1662 929 tutes
1671 892 1856 941 politicas,
1869 901 1906 930 et
1917 894 2168 943 purgatorias,
2180 902 2216 932 et
2228 895 2376 944 purgati
2384 897 2515 945 animi,

1567 966 1603 994 et
1631 959 1877 1007 exemplares.

1151 1067 1468 1109 ARTICULUS
1498 1067 1703 1109 PRIMUS

592 1159 746 1190 UTRUM
769 1159 985 1190 VIRTUTES
1008 1158 1211 1190 MORALES
1235 1158 1437 1189 DEBEANT
1461 1158 1548 1190 DICI
1572 1158 1858 1196 CARmNALEs,
1883 1160 1967 1191 VEL
1990 1159 2266 1192 PRINCIPALES

927 1237 1005 1266 Infra,
1025 1244 1069 1269 qu.
1088 1243 1146 1261 vax
1165 1241 1212 1261 art.
1230 1243 1261 1268 43
1281 1237 1310 1260 111
1331 1237 1412 1266 Sent„
1433 1237 1492 1261 dist.
1510 1244 1595 1268 xxnu,
1615 1245 1659 1270 qu.
1678 1244 1705 1267 11,
1724 1242 1772 1262 art.
1790 1246 1811 1269 ι,
1831 1239 1878 1271 qu*
1899 1245 1928 1270 ²3

1074 1272 1116 1296 De
1134 1271 1239 1300 Virtut„
1259 1279 1303 1304 qu.
1317 1280 1340 1302 1,
1360 1277 1406 1296 art.
1423 1279 1467 1301 12,
1487 1273 1519 1296 ad
1539 1279 1584 1304 24;
1604 1280 1650 1305 qu.
1663 1280 1687 1302 v,
1707 1278 1753 1298 art.
1773 1281 1793 1298 ι.

379 1376 436 1416 033⁵»
460 1387 513 1406 aa<
535 1372 575 1397 D
604 1371 740 1396 PRIMUM
769 1371 821 1396 sm
851 1370 1089 1396 PROCEDITUR.
1110 1358 1268 1396 Videtur
1295 1360 1400 1408 quod

372 1402 530 1472 527¹&ae
553 1412 708 1449 virtutes
737 1413 900 1448 morales
929 1424 1007 1457 non
1029 1411 1193 1449 debeant
1220 1412 1292 1449 dici
1322 1425 1401 1449 car-

359 1461 470 1521 'ss'firf
494 1454 708 1512 dinales,
730 1477 797 1501 seu
826 1465 1062 1513 principales.
1088 1465 1193 1507 Quae
1221 1465 1323 1502 enirn
1352 1478 1401 1502 ex

398 1492 485 1546 53¹
509 1508 718 1567 &opposito
747 1518 973 1564 dividuntur,
997 1523 1084 1555 sunt
1109 1518 1222 1555 simul
1249 1524 1398 1565 natura,

342 1577 382 1606 ut
411 1570 543 1606 dicitur
571 1572 608 1607 in
635 1571 952 1608 Praedicamentis
979 1570 1014 1607 *z
1037 1578 1073 1607 et
1099 1570 1153 1607 sic
1171 1583 1292 1608 unum
1321 1584 1399 1608 non

343 1631 398 1659 est
425 1623 541 1659 altero
559 1623 813 1672 principalius.
836 1624 911 1660 Sed
937 1636 1072 1660 omnes
1090 1623 1247 1661 virtutes
1268 1636 1312 1660 ex
1332 1637 1399 1673 op-

341 1676 465 1725 posito
487 1676 660 1714 dividunt
682 1689 800 1724 genus
820 1676 976 1713 virtutis.
1000 1678 1101 1724 Ergo
1121 1677 1246 1714 nullae
1267 1690 1398 1717 earum

343 1729 482 1766 debent
511 1729 583 1766 dici
611 1729 848 1778 principales.

396 1794 430 1819 2.
452 1783 694 1829 PRAETEREA,
723 1782 809 1819 finis
844 1781 1085 1830 principalior
1122 1789 1178 1819 est
1204 1782 1262 1819 his
1299 1795 1397 1830 quae

342 1842 428 1871 sunt
447 1834 495 1871 ad
514 1836 645 1871 finem.
668 1835 744 1871 Sed
764 1835 920 1871 virtutes
940 1834 1174 1882 theologicae
1194 1843 1281 1872 sunt
1300 1835 1398 1872 circa

341 1888 478 1924 finem:
499 1888 653 1924 virtutes
674 1895 802 1924 autem
827 1888 992 1924 morales
1013 1887 1110 1924 cirea
1131 1900 1175 1924 ea
1195 1899 1292 1936 quae
1312 1896 1399 1924 sunt

341 1940 389 1977 ad
418 1940 548 1977 finem.
570 1939 671 1987 Ergo
691 1940 846 1976 virtutes
875 1940 1039 1977 morales
1062 1952 1140 1976 non
1169 1940 1310 1977 debent
1328 1941 1399 1978 dici

340 1992 578 2041 principales,
596 2005 663 2029 seu
682 1993 905 2039 cardinales;
922 1993 990 2030 sed
1010 1993 1396 2041 magis'theologicae.

396 2047 429 2082 3.
451 2047 683 2093 PRAETEREA,
704 2046 947 2095 principalius
969 2053 1023 2083 est
1051 2046 1156 2095 quod
1181 2054 1236 2083 est
1254 2059 1323 2095 per
1343 2059 1399 2084 es-

341 2099 513 2147 sentiam,
535 2111 651 2147 quam
672 2099 776 2147 quod
797 2106 852 2136 est
874 2111 943 2147 per
961 2099 1300 2148 participationem.
1323 2099 1398 2138 Sed

341 2152 497 2188 virtutes
526 2152 794 2189 intellectuales
822 2152 1011 2200 pertinent
1039 2153 1087 2190 ad
1121 2153 1302 2189 rationale
1331 2165 1400 2202 per

343 2205 561 2242 essentiam:
586 2205 742 2241 virtutes
771 2213 899 2242 autem
919 2205 1083 2242 morales
1112 2205 1159 2242 ad
1181 2211 1198 2226 α
1217 2206 1399 2242 rationale

153 2276 166 2291 u
185 2275 282 2317 avua:-
308 2285 313 2295 ,
341 2270 410 2306 per
437 2257 776 2307 participationem,
797 2265 838 2294 ut
866 2270 979 2307 supra
997 2258 1017 2279 ²³²
1037 2257 1179 2295 dictum
1209 2266 1275 2295 est.
1296 2259 1399 2307 Ergo

342 2311 497 2348 virtutes
525 2311 689 2347 morales
718 2323 797 2347 non
825 2318 911 2347 sunt
935 2310 1171 2360 principales,
1191 2311 1261 2348 sed
1279 2311 1400 2359 magis

342 2364 497 2401 virtutes
526 2363 803 2400 intellectuales.
1163 2366 1173 2369 '⁷

397 2417 471 2453 SED
500 2428 645 2453 CONTRA
673 2428 739 2453 EST
769 2416 875 2464 quod
902 2416 1128 2453 Ambrosius
1159 2416 1258 2462 dicit,
1287 2428 1401 2465 super

342 2471 487 2506 Lucam
502 2469 532 2516 ³¹⁶,
546 2481 740 2517 exponens
760 2469 862 2516 illud,
878 2469 989 2505 Beati
995 2480 1183 2517 pauperes
1196 2470 1327 2517 spiritu
1342 2469 1397 2506 **:

343 2523 488 2558 Scimus
514 2522 666 2559 virtutes
694 2533 776 2558 esse
795 2527 956 2570 quatuor
983 2521 1205 2564 cardinales,
1230 2521 1400 2558 scilicet!³

342 2575 638 2623 temperantiam,
659 2575 847 2620 iustitiam,
858 2575 1111 2622 prudentiam,
1120 2574 1398 2622 fortitudinem.

343 2629 425 2664 Hae
454 2635 581 2665 autern
611 2635 697 2664 sunt
722 2628 878 2664 virtutes
908 2628 1083 2665 morales.
1113 2628 1215 2675 Ergo
1244 2628 1400 2664 virtutes

342 2682 506 2717 morales
534 2688 620 2717 sunt
649 2680 867 2717 cardinales.

395 2735 619 2770 RssspoNnEo
649 2745 831 2771 DICENDUM
852 2733 968 2781 quod,
995 2745 1082 2770 cum
1108 2733 1325 2782 simpliciter
1352 2733 1399 2770 de

340 2786 476 2823 virtute
506 2787 716 2834 loquimur,
746 2786 984 2834 intelligimur
1011 2791 1026 2814 Υ
1055 2786 1159 2835 loqui
1189 2786 1235 2823 de
1263 2786 1399 2822 virtute

341 2840 521 2876 humana.
542 2840 668 2876 Virtus
687 2847 815 2876 autern
835 2840 1017 2886 humana,
1033 2847 1075 2876 ut
1094 2851 1208 2887 supra
1223 2838 1243 2860 ’¹‘
1258 2839 1400 2876 dictum

343 2900 408 2939 est,
439 2893 649 2930 secundum
678 2893 885 2941 perfectam
918 2892 1105 2929 rationem
1138 2891 1284 2928 virtutis
1313 2892 1400 2929 dici-

341 2953 412 2992 tur,
443 2958 540 2994 quae
569 2945 722 2995 requirit
750 2944 1011 2982 rectitudinem
1040 2945 1243 2994 appetitus:
1272 2945 1400 2981 huius-

343 2998 448 3035 modi
465 2998 566 3035 enim
581 2999 699 3035 virtus
720 3011 797 3035 non
817 2999 941 3035 solum
962 2998 1047 3035 facit
1066 2998 1283 3035 facultatem
1302 2998 1400 3035 bene

343 3051 490 3098 agendi,
511 3051 579 3087 sed
598 3051 722 3100 ipsum
745 3051 855 3088 etiam
876 3063 987 3088 usum
1009 3051 1099 3088 boni
1116 3051 1239 3100 operis
1261 3058 1399 3087 causat.

344 3104 421 3140 Sed
449 3105 660 3141 secundum
689 3104 946 3153 imperfectam
968 3104 1154 3141 rationem
1183 3104 1330 3141 virtutis
1349 3103 1401 3140 di·
1421 3110 1425 3112 ’

397 3218 424 3249 α)
444 3217 488 3242 ad.
501 3231 519 3236 -
533 3217 670 3249 pertinent
688 3217 724 3241 ad
743 3217 788 3241 Pa.

397 3251 423 3284 β)
442 3252 579 3277 scilicet.-
597 3252 657 3278 Otn.
678 3252 786 3276 codices.

1456 1359 1550 1396 citur
1576 1360 1696 1397 virtus
1730 1372 1830 1409 quae
1858 1373 1938 1398 non
1971 1361 2124 1410 requirit
2160 1362 2424 1401 rectitudinem
2452 1376 2517 1413 ap-

1453 1412 1613 1461 petitus:
1643 1413 1732 1462 quia
1760 1414 1885 1450 solum
1909 1413 1997 1451 facit
2014 1415 2230 1452 facultatem
2250 1417 2348 1453 bene
2368 1417 2516 1465 agendi,

1455 1477 1535 1502 non
1554 1470 1681 1502 autem'
1706 1473 1835 1503 causat
1853 1466 1945 1504 boni
1973 1467 2099 1516 operis
2118 1480 2244 1505 usum.
2275 1469 2433 1506 Constat
2450 1482 2517 1506 au-

1454 1526 1532 1555 tem
1561 1519 1666 1567 quod
1693 1519 1905 1568 perfectum
1935 1527 1990 1556 est
2013 1520 2257 1569 principalius
2281 1521 2516 1571 imperfecto.

1455 1572 1504 1608 Et
1530 1571 1617 1609 ideo
1646 1571 1802 1608 virtutes
1829 1584 1928 1620 quae
1958 1572 2151 1609 continent
2170 1574 2432 1611 rectitudinem
2451 1587 2518 1624 ap-

1453 1624 1608 1673 petitus,
1643 1624 1819 1661 dicuntur
1849 1624 2087 1673 principales.
2123 1625 2356 1663 Huiusmodi
2389 1634 2517 1665 autem

1454 1685 1541 1714 sunt
1566 1677 1724 1714 virtutes
1752 1677 1933 1723 morales;
1964 1684 2001 1713 et
2023 1677 2119 1714 inter
2137 1677 2416 1728 intellectuales,
2437 1680 2520 1717 sola

1452 1730 1664 1778 prudentia,
1695 1742 1794 1778 quae
1822 1729 1934 1766 etiam
1961 1731 2252 1778 quodammodo
2275 1731 2429 1769 moralis
2449 1740 2517 1781 est,

1454 1783 1666 1820 secundum
1699 1782 1921 1829 materiam,
1960 1789 2001 1820 ut
2035 1795 2081 1820 ex
2113 1784 2336 1832 supradictis
2355 1784 2375 1806 *
2401 1793 2516 1834 patet.
2544 1793 2622 1834 ’,Ωιι-
2639 1801 2695 1824 un,
2713 1798 2757 1818 m.

1453 1835 1565 1873 Unde
1586 1834 1858 1872 convenienter
1885 1835 1982 1875 inter
2007 1835 2164 1873 virtutes
2184 1838 2349 1874 morales
2367 1849 2518 1886 ponun-
2543 1826 2573 1876 32¹
2584 1825 2758 1870 gutiam-n.

1453 1896 1513 1925 tur
1531 1888 1614 1924 illae
1634 1899 1732 1936 quae
1752 1887 1928 1925 dicuntur
1946 1888 2185 1938 principales,
2207 1902 2275 1927 seu
2295 1890 2516 1928 cardinales.

1506 1942 1565 1977 AD
1590 1952 1726 1978 PRIMUM
1745 1952 1844 1978 ERGO
1868 1952 2052 1979 menapum
2081 1942 2199 1990 quod,
2224 1943 2379 1992 quando
2397 1955 2518 1992 genus

1452 1994 1665 2031 univocum
1694 1993 1871 2030 dividitur
1898 1993 1937 2030 in
1965 2006 2053 2031 suas
2080 1995 2243 2044 species,
2273 2003 2364 2033 tunc
2391 2003 2518 2045 partes

1454 2046 1650 2085 divisionis
1670 2058 1716 2083 ex
1734 2058 1858 2095 aequo
1878 2059 1919 2084 se
1938 2047 2081 2084 habent
2099 2048 2312 2085 secundum
2331 2049 2518 2087 rationem

1453 2100 1622 2148 generis3
1643 2099 1729 2136 licet
1757 2099 1971 2136 secundum
1990 2107 2164 2138 naturam
2186 2101 2251 2149 rei,
2276 2113 2352 2138 una
2372 2102 2518 2151 species

1454 2153 1499 2189 sit
1526 2152 1771 2202 principalior
1799 2159 1835 2189 et
1861 2153 2062 2201 perfectior
2083 2153 2165 2201 alia,
2187 2153 2282 2191 sicut
2299 2154 2419 2191 homo
2440 2155 2519 2192 aliis

1453 2205 1691 2243 animalibus.
1723 2205 1799 2243 Sed
1829 2205 1983 2253 quando
2013 2212 2070 2243 est
2097 2206 2233 2244 divisio
2253 2206 2410 2245 alicuius
2428 2219 2518 2246 ana-

1452 2259 1540 2306 logi,
1569 2258 1674 2306 quod
1703 2257 1837 2295 dicitur
1866 2258 1913 2295 de
1931 2258 2103 2307 pluribus
2127 2259 2340 2298 secundum
2357 2260 2462 2310 prius
2483 2259 2530 2298 et>

1451 2308 1662 2361 posterius3
1690 2318 1780 2348 tunc
1807 2310 1899 2348 nihil
1926 2311 2103 2359 prohibet
2129 2324 2251 2349 unum
2280 2325 2362 2350 esse
2380 2313 2518 2361 princi-

1452 2363 1576 2413 palius
1603 2363 1734 2410 altem,
1763 2362 1877 2399 etiam
1903 2363 2116 2400 secundum
2137 2376 2384 2402 communem
2404 2365 2518 2403 ratio-

1453 2428 1561 2462 nem;
1578 2415 1674 2453 sicut
1687 2415 1897 2453 substantia
1910 2416 2154 2465 principalius
2170 2417 2304 2455 dicitur
2318 2430 2384 2455 ens
2399 2430 2516 2467 quam

1454 2469 1641 2506 accidens.
1672 2469 1721 2505 Et
1748 2468 1829 2505 talis
1859 2475 1914 2505 est
1941 2468 2078 2506 divisio
2106 2469 2288 2507 virtutum
2308 2470 2347 2507 in
2367 2470 2516 2509 diversa

1453 2534 1593 2569 genera
1610 2521 1809 2558 virtutum:
1832 2533 1879 2557 eo
1900 2521 2003 2569 quod
2022 2522 2170 2559 bonum
2190 2523 2342 2560 rationis
2361 2535 2441 2561 non
2460 2536 2517 2561 se-

1454 2575 1623 2612 cundum
1653 2574 1820 2611 eundem
1849 2573 2023 2611 ordinem
2052 2574 2242 2612 invenitur
2264 2575 2303 2612 in
2323 2576 2516 2615 omnibus.

1506 2629 1565 2664 An
1594 2638 1784 2663 SECUNDUM
1812 2638 1997 2664 DICENDUM
2025 2627 2131 2675 quod
2158 2627 2315 2665 virtutes
2333 2629 2516 2678 theologi-

1455 2692 1521 2716 cae
1550 2687 1637 2716 sunt
1665 2691 1779 2728 supra
1806 2679 2017 2727 hominem,
2043 2687 2086 2717 ut
2104 2692 2219 2729 supra
2237 2680 2257 2703 ²¹⁸
2285 2681 2428 2719 dictum
2449 2689 2515 2720 est.
2541 2693 2618 2723 ἀι.
2630 2698 2754 2723 mmm.

1454 2733 1564 2770 Unde
1585 2745 1663 2769 non
1682 2732 1834 2781 proprie
1855 2732 2031 2770 dicuntur
2049 2732 2205 2771 virtutes
2224 2734 2428 2782 humanae,
2449 2734 2517 2773 sed
2542 2725 2564 2750 ³’
2578 2720 2642 2750 ‘⁴¹³'

1453 2786 1781 2834 super-humanae,
1809 2785 1872 2821 vel
1902 2785 2063 2823 divinae.

1507 2840 1566 2875 An
1598 2850 1758 2875 TERTluM
1790 2849 1975 2876 morannum
2008 2839 2112 2887 quod
2145 2838 2239 2876 aliae
2270 2839 2428 2877 virtutes
2460 2840 2516 2878 in-

1453 2892 1681 2928 tellectuales
1709 2903 1732 2927 a
1759 2890 1959 2940 prudentia
1978 2888 2007 2938 ⁶,
2039 2891 2107 2928 etsi
2133 2891 2206 2929 sint
2232 2892 2516 2941 principaliores

1455 2956 1572 2992 quam
1602 2944 1766 2980 morales
1799 2951 1985 2993 quantum
2014 2943 2062 2981 ad
2095 2944 2323 2991 subiectum3
2357 2958 2435 2983 non
2462 2953 2516 2983 ta—

1456 3009 1546 3034 men
1579 3004 1666 3035 sunt
1697 2996 1982 3046 principaliores
2020 3004 2203 3046 quantum
2241 2997 2291 3035 ad
2328 2998 2516 3036 rationem

1455 3049 1613 3097 virtutis,
1635 3062 1732 3098 quae
1756 3049 1904 3098 respicit
1927 3050 2086 3097 bonum,
2112 3050 2217 3098 quod
2244 3057 2299 3087 est
2321 3051 2514 3089 obiectum

1457 3102 1655 3151 appetitus.

1510 3215 1536 3248 γ)
1557 3215 1743 3248 intelligimur.
1755 3228 1775 3234 -
1794 3214 1966 3247 intelligimus
1984 3214 2244 3247 ABCEFGHIKLpD
2263 3220 2288 3240 et
2306 3223 2331 3240 α.
2359 3214 2362 3217 ’

1509 3250 1534 3283 ὃ)
1553 3258 1571 3275 α
1585 3250 1741 3282 prudentia.
1754 3263 1773 3269 -
1790 3253 1830 3275 est
1844 3250 1992 3282 prudentia
2011 3250 2039 3279 F,
2057 3253 2084 3274 et
2098 3250 2246 3281 prudentia
2264 3250 2294 3275 P.

1010 3322 1342 3355 commentante.
1364 3306 1615 3354 Cardjtsans
1637 3321 1838 3354 Caietani
1885 3361 1888 3365 ι

375 3413 394 3433 N
417 3403 510 3434 titulo
534 3402 726 3443 quaestionis
750 3402 1088 3443 sexagesimaeprimae,
1114 3403 1248 3438 adverte,
1272 3401 1399 3438 novitie‚

349 3415 549 3478 Icardinalis
572 3447 772 3483 vocabulum,
794 3447 831 3477 ab
856 3446 1026 3477 Ambrosio
1043 3446 1123 3476 forte
1139 3445 1280 3486 primum
1303 3445 1400 3476 intro-

346 3492 492 3528 ductum,
525 3501 542 3521 a
573 3491 703 3522 cardine
733 3490 909 3521 secundum
940 3490 1175 3530 grammaticam
1208 3489 1399 3520 derivatum:

1457 3401 1531 3442 quia
1555 3411 1620 3431 non
1640 3400 1700 3431 nisi
1714 3400 1927 3441 metaphorice
1948 3399 2055 3431 virtuti
2076 3400 2236 3437 convenit,
2259 3406 2289 3431 et
2311 3398 2513 3440 metaphorae

1457 3455 1475 3474 a
1498 3444 1624 3475 scientia
1647 3445 1762 3475 eiectae
1785 3444 1847 3475 sint
1870 3444 1908 3475 ab
1924 3443 2100 3480 Aristotele,
2118 3443 2151 3474 in
2174 3443 2201 3474 11
2219 3442 2380 3475 Poster.*:
2397 3442 2512 3474 idcirco
2541 3457 2549 3466 ·
2561 3456 2594 3479 c.
2612 3462 2670 3485 .xu‚
2681 3457 2751 3480 ιώ,

1456 3491 1586 3525 Auctor,
1606 3489 1824 3529 metaphoram
1844 3487 2022 3528 explanans,
2039 3487 2071 3518 in
2087 3497 2153 3529 quo
2173 3497 2266 3518 sensu
2285 3487 2512 3527 disputandum
2540 3483 2586 3505 ·S·
2631 3483 2751 3509 ἸΨ-Ν·
