2852 4152
1013 245 1277 292 QUAESTIO
1308 247 1358 292 X,
1387 246 1681 283 ARTICULUS
1712 247 1759 283 111

303 321 406 352 deficit
429 322 468 352 ab
486 322 549 352 hoc
565 322 624 352 nisi
641 329 770 362 propter
792 323 950 354 defectum
966 324 1096 354 alicuius
1111 323 1200 354 boni:
1226 323 1359 354 dubium

304 364 439 397 occurrit
461 375 499 396 ex
521 365 634 401 Scoto,
658 366 690 396 in
714 367 846 403 Quarto,
871 367 941 398 dist.
957 378 1039 404 xmx,
1064 377 1116 408 qu.
1133 378 1163 398 rx
1178 367 1205 404 *,
1229 367 1359 398 dicentis

303 408 395 450 quod
413 408 473 439 ista
494 409 574 439 ratio
598 419 664 440 non
688 410 849 442 concludit
869 412 1072 443 necessariam
1089 411 1267 442 motionem
1284 411 1359 441 sim-

303 451 441 492 pliciter;
466 453 521 483 sed
544 453 649 493 quod,
674 453 700 483 si
722 455 869 485 voluntas
898 455 989 487 debet
1015 455 1128 486 habere
1151 462 1257 486 actum
1280 454 1359 485 circa

302 496 364 539 tale
383 495 556 533 obiectum,
580 503 706 537 oportet
724 499 812 538 quod
827 498 939 530 habeat
962 506 1067 530 actum
1086 499 1256 531 volitionis.
1273 498 1359 530 Cum

303 544 369 581 quo
385 546 492 570 tamen
507 546 567 571 stat
581 541 670 581 quod
692 541 761 581 ipsa
783 549 888 581 potest
911 543 1101 583 suspendere
1124 549 1230 574 actum
1253 552 1357 573 suum.

307 603 328 608 >v
353 582 419 615 Sed
440 584 516 624 quia
539 593 576 615 ex
598 584 661 627 his,
673 591 704 615 et
725 595 874 625 processu
891 597 960 623 suo,
982 587 1147 617 manifeste
1170 594 1256 627 patet
1270 587 1359 627 quod

303 637 371 659 non
391 627 598 669 impugnatur
624 638 735 659 sensus
767 629 907 661 formalis
933 631 1065 666 litterae,
1090 631 1145 661 sed
1167 641 1264 671 quem
1292 631 1359 670 ipse

304 671 438 715 accepit;
458 671 530 703 ideo
547 672 606 704 sibi
620 672 681 713 ipsi
697 682 804 703 curam
823 674 872 704 sui
886 674 1039 715 relinquo.
1057 674 1156 705 Divus
1172 675 1256 705 enim
1271 675 1359 705 Tho-

303 725 373 747 mas
386 715 529 758 loquitur
552 717 591 747 de
606 716 748 747 motione
767 727 805 748 ex
827 725 913 758 parte
930 718 1053 754 obiecti,
1073 728 1154 759 quae
1173 725 1219 749 est
1237 719 1275 749 ad
1291 727 1360 759 spe-

305 755 513 790 citi-:ationem
544 768 648 797 actus;
673 767 704 791 et
725 762 794 792 vult
816 763 904 805 quod
934 762 1107 794 necessario
1138 768 1246 792 movet
1275 762 1360 792 obie-

304 806 391 834 ctum
414 803 555 844 undique
568 805 703 835 bonum.
724 804 823 842 Quod
845 813 892 836 est
912 805 1112 836 verissimum
1135 804 1317 846 simpliciter
1332 812 1362 836 et

303 846 488 878 formaliter:
509 847 551 878 ita
566 849 651 878 enim
665 850 838 879 necessario
854 849 1020 889 specificat,
1036 850 1124 890 quod
1146 857 1193 880 est
1209 849 1361 880 obiective

303 900 449 930 movere,
471 893 560 933 quod
582 892 778 933 impossibile
802 900 848 924 est
878 894 966 926 aliter
993 904 1025 924 se
1054 894 1182 929 habere;
1206 893 1360 934 quoniam

303 945 373 967 non
392 942 497 977 potest
511 946 577 967 non
601 936 772 978 specificati
795 944 882 968 actus
897 938 1068 969 voluntatis
1087 938 1125 967 ab
1149 947 1200 973 e0‚
1216 944 1251 968 ut
1266 943 1360 977 patet,

303 980 448 1020 quamvis
479 981 579 1020 possit
608 988 695 1012 actus
718 981 890 1012 voluntatis
919 991 985 1011 non
1008 980 1084 1011 fieri.
1107 981 1199 1011 Unde
1231 991 1306 1011 cum
1327 980 1360 1011 in

303 1023 405 1054 littera
428 1023 541 1055 dicitur
562 1024 651 1065 quod
679 1025 826 1056 voluntas
854 1034 920 1055 non
944 1031 1048 1065 potest
1076 1034 1141 1055 non
1163 1024 1242 1055 velle
1265 1025 1360 1055 beati-

303 1067 465 1106 tudinem,
488 1069 521 1109 ly
544 1078 606 1099 non
631 1069 799 1100 velle'non
823 1069 958 1100 sumitur
980 1068 1131 1108 negative,
1159 1068 1213 1099 sed
1237 1076 1360 1099 contra-

303 1111 356 1148 rie.
379 1112 461 1143 idest
475 1122 534 1152 pro
557 1113 658 1144 nolle:
685 1119 721 1143 ut
735 1113 935 1144 manifestant
957 1113 1123 1143 subiuncta
1137 1113 1229 1142 verba
1249 1113 1281 1142 in
1297 1113 1360 1142 alio

304 1157 458 1196 membro,
473 1157 599 1188 *scilicet
622 1157 788 1197 repudiari
807 1158 857 1188 vel
878 1157 1059 1197 approbari.
1086 1157 1147 1188 Sed
1170 1157 1258 1196 quod
1281 1156 1362 1188 fallit

304 1199 429 1241 aliquos
444 1200 506 1236 hic,
522 1207 568 1232 est
589 1200 781 1232 indistinctio
805 1201 884 1231 inter
899 1200 1076 1231 motionem
1099 1201 1139 1230 ad
1157 1199 1360 1240 specificatio-

304 1253 388 1281 nem,
413 1251 444 1275 et
466 1244 648 1276 exercitium
671 1251 768 1275 actus.

357 1289 409 1319 IV.
430 1288 522 1319 Circa
542 1288 718 1319 doctrinam
740 1287 885 1318 traditam
902 1287 934 1316 in
958 1287 1019 1317 hoc
1035 1287 1165 1317 articulo
1190 1294 1220 1317 et
1239 1297 1360 1327 praece-

303 1332 459 1367 dentibus,
483 1333 607 1362 adverte
631 1332 735 1371 quod,
760 1331 935 1361 secundum
959 1331 1046 1370 quod
1072 1330 1217 1360 voluntas
1239 1331 1362 1370 respicit

303 1376 386 1406 duos
408 1381 559 1410 meteres,
574 1375 710 1404 alterum
733 1375 773 1404 ad
788 1374 980 1409 exercitium,
997 1374 1131 1403 alterum
1149 1374 1188 1403 ad
1203 1373 1361 1413 specifica-

303 1419 434 1454 tionem.
449 1418 616 1458 dupliciter
633 1417 790 1448 invenitur
811 1418 844 1447 in
859 1428 895 1447 ea
910 1417 1106 1447 naturalitas:
1122 1417 1238 1447 scilicet
1252 1427 1362 1447 secun-

268 1462 274 1463 ’
303 1459 382 1493 dum
397 1462 693 1492 determinationem
709 1462 747 1491 ad
772 1461 968 1497 exercitium;
985 1468 1014 1500 et
1029 1461 1204 1491 secundum
1220 1461 1363 1492 determi-

303 1506 468 1537 nationem
490 1506 530 1536 ad
554 1505 701 1546 speciem.
722 1506 779 1535 Est
795 1505 879 1535 enim
902 1505 1048 1535 voluntas
1064 1504 1243 1535 naturaliter
1263 1506 1362 1535 deter-

302 1551 421 1594 minata
445 1551 484 1580 ad
508 1549 697 1580 eliciendum
721 1556 831 1592 actum<
851 1549 998 1589 aliquem,
1014 1556 1092 1589 puta
1114 1549 1264 1588 primurn,
1289 1556 1362 1580 etc.:

303 1591 334 1633 et
356 1599 403 1625 eSt
425 1604 535 1626 rursus
554 1593 735 1625 naturaliter
758 1593 962 1624 determinata
984 1593 1023 1623 ad
1040 1593 1199 1624 obiectum
1224 1593 1363 1633 aliquod,

302 1645 381 1679 puta
403 1638 541 1674 bonum,
567 1645 623 1669 etc.
649 1638 691 1668 Et
718 1637 776 1668 hae
805 1637 1081 1667 determinationes
1111 1637 1154 1667 ita
1177 1647 1208 1666 se
1231 1636 1363 1673 habent,

303 1683 392 1725 quod
414 1683 519 1723 prima
541 1682 634 1714 infert
657 1682 837 1717 secundam,
854 1688 884 1711 et
907 1691 972 1711 non
996 1691 1012 1711 e
1037 1690 1198 1711 converso.
1224 1680 1255 1711 Si
1280 1681 1364 1711 enim

302 1727 451 1759 voluntas
474 1725 680 1758 determinata
703 1725 886 1756 naturaliter
904 1732 950 1755 est
974 1725 1013 1756 ad
1030 1724 1218 1755 eliciendum
1241 1731 1362 1760 actum,

303 1771 367 1802 hoc
389 1781 456 1802 non
479 1778 525 1802 est
547 1770 606 1802 nisi
631 1777 774 1810 respectu
799 1769 912 1800 obiecti
935 1770 975 1799 ad
998 1769 1086 1810 quod
1110 1768 1289 1799 naturaliter
1313 1768 1364 1798 de-

303 1814 468 1849 terminata
492 1822 551 1846 est:
585 1815 639 1846 sed
663 1814 689 1845 si
713 1813 916 1844 determinata
940 1820 985 1844 est
1008 1813 1187 1844 naturaliter
1215 1813 1253 1843 ad
1280 1812 1364 1842 obie-

318 2210 405 2240 «ψῃ-,ρ
421 2212 494 2253 ta«
517 2204 540 2228 D
568 2201 727 2227 TERTmM
747 2201 800 2226 Sic
823 2199 1062 2225 PROCEDITUR.
1082 2187 1241 2223 Videtur
1261 2187 1363 2235 quod

336 2230 496 2303 §.Za
517 2244 696 2281 voluntas
717 2254 762 2279 ex
781 2241 999 2279 necessitate
1019 2247 1220 2276 moveatur
1240 2251 1261 2275 a
1280 2250 1364 2287 pas-

325 2291 445 2343 ‘,?⁵'''‚3r;
455 2285 487 2341 '¹6
501 2296 505 2299 ⁴
519 2297 626 2333 sione
664 2295 852 2344 appetitus
893 2293 1090 2330 inferioris.
1124 2291 1224 2328 Dicit
1265 2291 1366 2328 enim

323 2346 346 2380 V
364 2343 460 2382 (ἳέὲῖῑῖ
484 2344 509 2385 Β
520 2349 737 2397 Apostolus,
767 2349 880 2384 Rom.
900 2358 948 2383 vn
963 2346 1001 2382 *2
1030 2346 1120 2382 Non
1141 2345 1240 2381 enim
1268 2344 1368 2392 quod

308 2403 394 2442 volo
414 2403 565 2447 bonum,
584 2403 656 2438 hoc
674 2412 773 2450 ago;
799 2400 865 2436 sed
888 2399 988 2447 quod
1014 2398 1078 2434 odi
1101 2397 1257 2443 mal'um,
1278 2397 1369 2433 illud

298 2456 431 2506 facio:
451 2455 558 2503 quod
577 2454 710 2491 dicitur
723 2460 879 2503 propter
894 2450 1252 2500 concupiscentiam,
1269 2461 1367 2497 quae

312 2517 368 2546 est
385 2507 512 2557 passio
533 2507 732 2556 quaedam.
754 2507 855 2553 Ergo
884 2505 1061 2542 voluntas
1082 2515 1127 2540 ex
1147 2502 1367 2539 necessitate

312 2569 489 2599 movetur
517 2573 539 2597 a
566 2559 754 2608 passione.

367 2627 403 2651 2.
423 2615 656 2658 PRAETEREA,
678 2612 772 2648 sicut
793 2610 925 2647 dicitur
944 2609 981 2645 in
998 2610 1047 2645 III
1066 2609 1185 2645 Ethic.
1203 2608 1233 2654 ²³⁶,
1250 2608 1369 2655 qualis

314 2667 565 2715 unusquisque
600 2671 672 2710 est,
702 2664 784 2700 talis
805 2665 899 2711 finis
933 2663 1078 2698 videtur
1105 2662 1148 2697 ei.
1187 2661 1263 2697 Sed
1291 2673 1369 2697 non

315 2726 369 2756 est
389 2720 427 2755 in
450 2725 634 2767 potestate
653 2716 856 2754 voluntatis
881 2715 986 2763 quod
1010 2713 1132 2750 statim
1152 2713 1369 2761 passionem

315 2771 472 2809 abiiciat.
503 2772 605 2818 Ergo
625 2781 704 2806 non
723 2777 778 2805 est
792 2769 830 2805 in
843 2775 1027 2816 potestate
1046 2765 1250 2803 voluntatis
1266 2765 1371 2814 quod

175 2837 192 2853 α
315 2837 395 2862 non
420 2824 511 2861 velit
531 2829 547 2844 ‘²
575 2823 664 2859 illud
693 2822 742 2858 ad
770 2821 874 2869 quod
901 2820 1025 2868 passio
1056 2831 1094 2855 se
1123 2819 1285 2855 inclinat.

370 2878 404 2914 3.
426 2878 657 2921 PRAETEREA,
680 2886 793 2910 causa
811 2872 1035 2910 universalis
1059 2884 1136 2908 non
1165 2872 1371 2921 applicatur

315 2930 364 2967 ad
380 2929 558 2966 effectum
573 2927 835 2976 particularem
855 2925 925 2962 nisi
945 2925 1134 2961 mediante
1156 2937 1268 2976 causa
1288 2936 1371 2972 par-

315 2983 482 3020 ticulari:
520 2982 624 3018 unde
661 2987 697 3016 et
735 2979 827 3016 ratio
864 2977 1088 3016 universalis
1126 2990 1203 3014 non
1240 2984 1373 3014 movet

317 3035 589 3113 nisilrnediante
609 3032 870 3070 aestimatione
885 3029 1110 3079 particulari,
1126 3037 1167 3066 ut
1187 3029 1320 3066 dicitur
1333 3029 1372 3064 in

317 3090 366 3125 111
395 3089 441 3125 de
458 3087 598 3124 Anima
618 3086 648 3124 ²¹⁶.
680 3085 756 3122 Sed
776 3085 871 3121 sicut
899 3095 938 3120 se
958 3083 1071 3119 habet
1100 3082 1193 3119 ratio
1221 3081 1373 3119 univer-

316 3141 400 3178 salis
428 3141 477 3177 ad
506 3139 806 3176 aestimationem
834 3136 1110 3185 particularem,
1130 3134 1180 3172 ita
1200 3144 1240 3171 se
1258 3135 1374 3171 habet

61 2357 80 2367 ⁴
93 2355 162 2378 Ven-
176 2360 210 2383 ¹9-

65 2627 132 2677 ΞΡτ·
150 2632 223 2676 ziza:
233 2631 285 2673 2131:

317 3352 454 3401 petitus
483 3350 680 3388 sensitivus
709 3349 755 3386 sit
781 3361 850 3397 per
884 3347 1049 3396 aliquam
1076 3346 1292 3394 passionem
1324 3345 1373 3382 ad

6 3192 24 3241 ξι
315 3194 492 3231 voluntas
521 3193 570 3230 ad
599 3191 807 3240 appetitum
836 3189 1069 3226 sensitivum.
1103 3189 1205 3234 Ergo
1235 3187 1283 3224 ad
1307 3187 1372 3223 'ali-

11 3244 21 3282 Ῡ
317 3247 423 3295 quod
449 3245 672 3294 particulare
697 3243 907 3281 volendum
936 3254 1014 3278 non
1034 3248 1211 3277 movetur
1237 3240 1388 3277 volun--

11 3328 23 3367 {³
316 3308 373 3338 tas
399 3299 470 3336 nisi
498 3297 690 3336 mediante
718 3295 886 3345 appetitu
915 3293 1106 3331 sensitivo.
1136 3294 1238 3340 Ergo
1259 3293 1289 3330 si
1309 3305 1374 3340 ap·-

14 3463 35 3504 ’ϊ
317 3458 471 3495 trarium
502 3455 661 3494 moveri.

1413 329 1516 359 ctum,
1535 333 1602 353 non
1625 330 1790 363 propterea
1813 325 2016 355 determinata
2045 333 2091 357 est
2114 328 2152 357 ad
2175 329 2355 360 exercitium
2378 338 2463 361 actus

1413 374 1554 406 respectu
1577 367 1671 403 illius,
1691 373 1724 397 ut
1737 374 1823 406 patet
1844 367 1876 397 in
1891 368 2000 400 littera.
2019 370 2110 400 Unde
2126 372 2341 403 determinatio
2357 375 2464 414 quoad

1413 411 1612 447 exercitium,
1638 411 1853 441 vehementior
1875 421 1910 441 ac
1933 413 2106 444 naturalior
2137 421 2196 444 est:
2220 415 2352 447 includit
2380 418 2464 448 enim

1413 455 1551 490 alteram,
1575 461 1606 485 et
1628 454 1722 486 addit.
2449 454 2452 456 ¹

1465 499 1503 529 V.
1522 498 1612 529 Circa
1631 498 1748 529 calcem
1767 498 1908 529 eiusdem
1928 499 2068 540 corporis
2086 500 2216 536 articuli,
2233 501 2356 533 adverte
2378 504 2465 543 quod

1412 542 1496 583 quia,
1513 549 1548 572 ut
1562 541 1772 582 praediximus
1783 541 1809 578 ¹⁸,
1824 542 1970 573 voluntas
1985 543 2024 573 ad
2038 543 2165 574 tertium
2174 544 2345 576 volitorum
2357 556 2464 586 genus,
2493 549 2565 596 cAn'
2581 549 2698 576 praeced„

1413 593 1490 626 puta
1512 595 1589 622 esse,
1607 586 1725 622 vivere,
1750 592 1819 622 etc„
1846 586 2051 617 determinata
2074 594 2120 618 est
2143 589 2335 625 naturaliter,
2359 591 2466 630 quoad
2493 579 2699 622 memmennnum.

1413 629 1688 670 specificationem,
1709 636 1744 660 ut
1766 630 1800 660 in
1822 630 1980 670 pluribus;
1997 638 2028 662 et
2051 641 2068 661 a
2091 641 2183 662 causa
2198 638 2233 662 ut
2254 632 2287 662 in
2309 633 2467 672 pluribus,

1414 683 1479 703 non
1503 673 1676 703 necessario
1700 673 1844 713 provenit
1867 673 2002 710 effectus,
2019 682 2123 714 potest
2138 675 2222 705 enim
2244 676 2403 716 impediri:
2419 677 2467 707 id-

1415 717 1496 749 circo
1519 717 1551 746 in
1575 717 1674 748 littera
1703 717 1815 748 dicitur
1846 718 1935 758 quod
1957 718 2115 759 quaelibet
2143 719 2338 759 particularia
2361 721 2444 750 bona
2458 743 2465 756 ,

1414 760 1508 791 etiam
1518 768 1599 796 esse,
1616 761 1728 797 vivere,
1744 761 1924 801 intelligere,
1940 772 2006 792 non
2022 763 2195 793 necessario
2210 771 2340 794 movent
2353 764 2468 794 volun-

1413 811 1509 835 tatem
1541 805 1580 834 ad
1610 803 1874 843 specificationem
1897 812 1999 842 actus;
2028 813 2163 846 possunt
2193 807 2277 837 enim
2300 807 2465 847 repudiari.

1414 848 1464 878 Sic
1486 855 1592 878 tamen
1615 849 1702 888 quod
1724 848 1879 888 praedicta
1894 856 1929 880 ut
1950 849 1982 880 in
1999 850 2141 890 pluribus
2161 860 2227 880 non
2250 850 2467 891 repudiantur:-
2487 858 2518 887 s

1414 892 1468 922 sed
1491 892 1517 922 si
1538 892 1686 922 voluntas
1708 892 1741 922 in
1761 902 1796 922 ea
1819 892 1925 926 fertur,
1949 894 2108 924 volitionis
2131 900 2202 924 actu
2225 894 2258 924 in
2281 894 2334 925 illa
2355 894 2467 931 tendit;

1415 942 1456 1009 εἴ)
1467 946 1536 966 raro
1559 935 1721 967 nolitionis
1734 959 1742 972 ‚
1772 943 1807 966 ut
1834 937 1986 977 contingit
2007 938 2041 967 in
2064 938 2300 978 desperantibus
2329 945 2360 969 et
2381 938 2468 968 simi-

1413 979 1434 1009 li
1460 990 1506 1010 us,
1543 977 1547 982 ’

1467 1023 1518 1054 Vl.
1540 1023 1574 1053 In
1590 1023 1794 1062 responsione
1809 1024 1848 1053 ad
1871 1023 2021 1054 ultimum
2044 1025 2184 1055 eiusdem
2200 1025 2330 1062 articuli,
2355 1030 2466 1055 notato

1414 1068 1502 1107 quod
1525 1077 1602 1104 esse,
1621 1067 1733 1103 vivere,
1758 1074 1788 1098 et
1810 1067 2002 1104 huiusmodi,
2031 1069 2194 1108 dupliciter
2216 1069 2299 1099 sumi
2322 1075 2466 1109 possunt.

1414 1111 1530 1147 Primo,
1548 1118 1584 1141 ut
1597 1117 1671 1141 sunt
1683 1112 1839 1151 quaedam
1853 1112 2049 1151 particularia
2062 1113 2147 1143 bona
2167 1113 2342 1143 secundum
2357 1111 2466 1152 seipsa.

1414 1155 1454 1186 Et
1467 1155 1511 1186 sic
1534 1161 1678 1194 possunt,
1693 1155 1765 1185 licet
1787 1165 1867 1190 raro,
1883 1156 2048 1195 repudiari,
2066 1166 2104 1186 eo
2127 1157 2216 1196 quod
2235 1156 2392 1187 defectum
2413 1156 2468 1186 ha-

1413 1200 1487 1230 bent
1516 1208 1674 1230 annexum
1703 1199 1833 1229 alicuius
1860 1199 1937 1230 boni
1959 1200 2047 1240 quod
2070 1200 2240 1240 appetitur,
2272 1207 2308 1231 ut
2330 1206 2415 1240 patet
2435 1199 2468 1230 in

1414 1242 1628 1273 occidentibus
1644 1251 1692 1272 se:
1715 1249 1867 1282 appetunt
1890 1243 1975 1273 enim
1997 1244 2160 1284 quoddam
2182 1245 2313 1279 bonum,
2337 1250 2414 1283 puta
2432 1243 2468 1273 li-

1413 1287 1573 1322 bertatem,
1587 1286 1676 1316 cuius
1691 1287 1876 1326 oppositum
1893 1287 2093 1327 coniungitur
2107 1297 2182 1318 suae
2196 1287 2284 1323 vitae,
2301 1294 2357 1318 etc.
2367 1286 2469 1317 -Alio

1414 1331 1523 1365 modo,
1543 1337 1579 1360 ut
1594 1337 1667 1360 sunt
1681 1330 1854 1361 necessario
1871 1341 2010 1361 connexa
2026 1331 2220 1362 beatitudini.
2238 1331 2279 1361 Et
2301 1331 2353 1366 sic,
2371 1340 2469 1371 quan-

1414 1380 1483 1403 tum
1508 1380 1553 1403 est
1576 1383 1611 1403 ex
1627 1380 1712 1413 parte
1736 1375 1793 1410 sui,
1812 1384 1877 1404 non
1897 1381 2031 1415 possunt
2045 1375 2219 1415 repudiari:
2237 1375 2292 1405 sed
2314 1374 2339 1404 si
2354 1374 2467 1404 volun-

1416 1424 1461 1447 tas
1484 1417 1596 1447 habeat
1618 1424 1723 1447 actum
1747 1418 1779 1447 in
1804 1428 1839 1447 ea
1858 1425 1893 1448 ut
1920 1419 1976 1455 sic,
1998 1425 2123 1458 oportet
2145 1419 2233 1459 quod
2255 1418 2367 1448 habeat
2390 1418 2469 1448 circa

1416 1471 1452 1491 ea
1470 1467 1576 1491 actum
1594 1461 1763 1497 volitionis,
1779 1462 1858 1492 sicut
1877 1462 1955 1492 circa
1975 1462 2208 1498 beatitudinem,
2225 1468 2354 1502 propter
2375 1461 2469 1492 ratio-

1416 1514 1490 1534 nem
1504 1504 1536 1534 in
1553 1504 1654 1535 littera
1669 1505 1864 1544 assignatam.
1882 1506 1952 1535 Dixi
1970 1513 2074 1536 autem
2090 1512 2243 1546 quantum
2260 1511 2306 1536 est
2322 1515 2363 1536 ex
2371 1510 2469 1545 parte

1415 1550 1482 1582 sui:
1505 1548 1580 1588 quia
1597 1548 1669 1578 licet
1687 1548 1763 1579 haec
1782 1549 1825 1579 sic
1844 1559 1984 1579 connexa
2009 1550 2142 1580 habeant
2160 1550 2203 1580 sic
2221 1556 2340 1580 tantam
2369 1548 2469 1579 effica-

1417 1592 1496 1623 ciam
1519 1599 1554 1622 ut
1576 1592 1761 1623 necessitent
1784 1593 1822 1622 ad
1846 1592 2124 1632 specificationem,
2149 1594 2174 1623 si
2193 1600 2297 1623 tamen
2316 1592 2469 1623 connexio

1416 1636 1470 1666 illa
1491 1635 1651 1676 incognita
1667 1637 1717 1666 vel
1731 1636 1958 1667 inconsiderata
1973 1637 2022 1666 vel
2047 1647 2111 1666 non
2137 1636 2323 1667 sufficienter
2337 1636 2403 1666 visa
2419 1635 2467 1672 sit,

1417 1680 1455 1710 ab
1470 1679 1653 1710 huiusmodi
1670 1679 1804 1710 efficacia
1819 1680 1998 1720 impeditur.
2017 1680 2113 1717 Quod
2131 1687 2236 1711 tamen
2251 1690 2316 1710 non
2329 1679 2471 1719 oportuit

1416 1723 1467 1754 hic
1481 1726 1653 1754 Auctorem
1678 1724 1861 1764 exprimere:
1886 1731 1955 1754 tum
1983 1724 2056 1764 quia
2080 1725 2117 1754 de
2141 1724 2254 1754 obiecti
2277 1722 2410 1754 efficacia
2433 1733 2470 1753 ex

1418 1775 1504 1807 parte
1534 1768 1601 1803 sui,
1632 1775 1677 1798 est
1706 1776 1823 1804 sermo;
1852 1768 1926 1808 quia
1954 1778 2076 1807 semper
2099 1767 2339 1807 subintelligitur
2368 1766 2471 1797 debita

1417 1810 1663 1852 approximatio,
1688 1821 1724 1842 ex
1748 1811 1836 1842 cuius
1861 1811 1982 1842 defectu
2005 1811 2150 1851 provenit
2171 1811 2243 1842 hoc.

1107 1951 1420 1998 ARTICULUS
1450 1950 1675 1992 TERTIUS

574 2039 731 2070 UTRUM
754 2036 987 2069 VOLUNTAS
1009 2035 1255 2067 MOVEATUR
1277 2035 1334 2065 DE
1357 2034 1651 2064 NECESSITATE
1674 2033 1729 2063 AB
1753 2033 1966 2064 INFERIORI
1990 2033 2204 2063 APPETITU

815 2111 889 2141 Infra,
908 2118 953 2143 qu.
972 2117 1063 2139 Lxxvn‚
1084 2114 1129 2134 art.
1144 2116 1172 2141 73
1194 2109 1235 2133 De
1254 2108 1341 2137 Ver-it„
1362 2110 1406 2140 qu.
1420 2115 1444 2136 ν,
1464 2112 1510 2132 art.
1530 2114 1574 2136 105
1595 2114 1637 2139 qu.
1657 2112 1715 2135 xxu,
1736 2112 1784 2131 art.
1798 2114 1823 2139 9,
1843 2107 1874 2130 ad
1895 2106 1917 2136 3,
1937 2105 1962 2130 6.

1473 2186 1546 2222 SED
1575 2196 1720 2221 CONTRA
1747 2195 1812 2220 EST
1840 2185 1943 2232 quod
1963 2183 2094 2220 dicitur
2120 2184 2211 2220 Gen.
2233 2184 2317 2220 1v*:
2338 2185 2471 2221 Subter

1419 2243 1452 2274 te
1471 2238 1542 2274 erit
1560 2237 1739 2285 appetitus
1759 2242 1853 2282 tuus,
1870 2242 1906 2272 et
1923 2242 1959 2272 tu
1980 2236 2230 2273 dominaberis
2251 2237 2358 2273 illius.
2379 2238 2470 2274 Non

1421 2302 1508 2338 ergo
1545 2291 1721 2326 voluntas
1754 2289 1917 2326 hominis
1954 2301 1999 2325 ex
2035 2288 2255 2326 necessitate
2291 2297 2470 2326 movetur

1421 2344 1468 2380 ab
1497 2342 1664 2391 appetitu
1692 2341 1868 2379 inferiori.

1475 2397 1698 2432 RESPONDEO
1714 2406 1896 2431 DlCENDUM
1916 2395 2030 2442 quod,
2051 2394 2145 2430 sicut
2163 2406 2276 2442 supra
2292 2395 2312 2415 ³²
2331 2394 2471 2431 dictum

1422 2455 1488 2495 est,
1513 2447 1638 2498 passio
1667 2447 1853 2496 appetitus
1882 2447 2047 2483 sensitivi
2079 2454 2211 2483 movet
2236 2447 2470 2483 voluntatem

1423 2513 1467 2537 ex
1496 2512 1540 2537 ea
1568 2507 1672 2548 parte
1702 2513 1775 2548 qua
1802 2501 1977 2536 voluntas
2015 2507 2191 2536 movetur
2224 2500 2271 2535 ab
2301 2499 2470 2536 obiecto:

1422 2553 1644 2602 inquantum
1667 2553 1804 2589 scilicet
1822 2554 1941 2589 homo
1962 2550 2168 2600 aliqualiter
2183 2551 2384 2600 dispositus
2403 2565 2472 2601 per

1422 2606 1651 2655 passionem,
1673 2606 1809 2642 iudicat
1827 2605 1966 2653 aliquid
1987 2617 2066 2641 esse
2094 2605 2322 2641 conveniens
2352 2612 2387 2640 et
2405 2606 2472 2641 bo-

1423 2671 1527 2705 num,
1548 2660 1650 2707 quod
1681 2666 1782 2694 extra
1799 2659 2015 2706 passionem
2044 2657 2203 2694 existens
2228 2670 2306 2694 non
2333 2657 2472 2694 iudica-

1423 2719 1488 2748 ret.
1510 2711 1738 2747 Huiusmodi
1753 2719 1879 2747 autem
1898 2710 2109 2746 immutatio
2124 2710 2289 2747 hominis
2307 2723 2376 2758 per
2389 2723 2473 2759 pas-

1424 2764 1570 2800 sionem
1591 2764 1740 2801 duobus
1769 2763 1893 2800 modis
1921 2763 2112 2810 contingit.
2146 2763 2233 2800 Uno
2261 2763 2391 2810 modo,
2422 2763 2474 2799 sic

1425 2817 1528 2865 quod
1547 2817 1707 2853 totaliter
1735 2816 1828 2852 ratio
1848 2816 1992 2863 ligatur,
2013 2815 2063 2852 ita
2091 2816 2194 2863 quod
2213 2816 2331 2852 homo
2360 2828 2473 2852 usum

1425 2866 1577 2907 rationis
1598 2882 1676 2906 non
1704 2869 1836 2906 habet:
1865 2869 1959 2905 sicut
1978 2868 2155 2915 contingit
2173 2868 2211 2904 in
2230 2868 2286 2904 his
2306 2868 2369 2916 qui
2387 2880 2474 2916 pro-

1423 2930 1507 2971 pter
1534 2923 1800 2959 vehementem
1836 2921 1928 2957 iram
1958 2921 2019 2957 vel
2048 2920 2391 2968 concupiscentiam
2419 2921 2475 2956 fu-

1425 2975 1512 3012 riosi
1531 2975 1593 3011 vel
1621 2982 1791 3011 amentes
1818 2974 1924 3020 fiunt,
1950 2973 2043 3010 sicut
2071 2981 2106 3009 et
2129 2980 2283 3021 propter
2309 2973 2474 3022 aliquam

1425 3028 1536 3064 aliam
1581 3026 1903 3075 perturbationem
1955 3026 2216 3074 corporalem3
2258 3025 2475 3063 huiusmodi

1426 3081 1527 3117 enim
1547 3080 1743 3128 passiones
1762 3091 1840 3116 non
1859 3078 1938 3115 sine
1958 3078 2144 3127 corporali
2164 3077 2474 3115 transmutatione

1426 3132 1608 3170 accidunt.
1631 3133 1679 3169 Et
1699 3132 1744 3168 de
1764 3132 1899 3168 talibus
1920 3131 2054 3168 eadem
2075 3138 2130 3167 est
2149 3131 2240 3167 ratio
2261 3131 2356 3167 sicut
2373 3137 2410 3168 et
2429 3131 2476 3167 de

1426 3185 1650 3228 animalibus
1674 3185 1804 3231 brutis,
1824 3196 1922 3232 quae
1951 3195 1995 3220 ex
2024 3183 2244 3220 necessitate
2270 3190 2476 3232 sequuntur

1426 3239 1607 3287 impetum
1626 3237 1828 3285 passionis:
1850 3237 1888 3274 in
1906 3236 1964 3273 his
1980 3236 2081 3273 enim
2101 3249 2179 3273 non
2194 3243 2250 3272 est
2268 3236 2400 3284 aliquis
2420 3247 2478 3272 ra-

1427 3291 1536 3328 tionis
1566 3298 1707 3336 motus,
1738 3297 1775 3326 et
1799 3301 1867 3338 per
1895 3301 2132 3338 consequens
2166 3301 2236 3325 nec
2261 3288 2475 3326 voluntatis.

1480 3343 1695 3391 Aliquando
1716 3350 1842 3379 autem
1864 3342 1955 3378 ratio
1975 3354 2053 3378 non
2076 3342 2236 3378 totaliter
2255 3342 2478 3378 absorbetur

1428 3409 1450 3433 a
1489 3396 1686 3445 passione,
1720 3395 1787 3432 sed
1821 3403 1988 3431 remanet
2025 3402 2208 3442 quantum
2247 3395 2295 3431 ad
2337 3393 2478 3441 aliquid

1427 3449 1607 3486 iudicium
1643 3448 1795 3485 rationis
1824 3447 1994 3484 liberum.
2017 3448 2064 3483 Et
2092 3447 2301 3483 secundum
2328 3447 2402 3482 hoc
2422 3458 2478 3482 re-

2498 2199 2506 2207 '
2521 2197 2588 2219 Vers.
2600 2203 2621 2224 7.

2499 2408 2507 2415 ·
2523 2406 2570 2433 Qu.
2583 2411 2614 2432 ix,
2629 2408 2693 2427 arta.

0 3387 21 3460 ἰ.
318 3405 458 3454 aliquid
493 3403 714 3452 dispositus,
744 3402 920 3438 voluntas
949 3412 1027 3436 non
1054 3398 1191 3447 poterit
1218 3398 1256 3434 in
1286 3410 1374 3434 con-

0 3461 5 3561 ἓ

371 3560 398 3594 α)
419 3561 490 3586 vem.
506 3574 524 3579 -
543 3561 598 3584 vuit
616 3558 862 3590 ABCFGHIKLpD.

16 3806 28 3888 ’,Λυδή
