2846 4146
99 1406 109 1416 '⁵
124 1405 160 1426 Cf.
177 1410 241 1426 num.
259 1411 274 1426 ι.

102 2492 111 2500 ·’
126 2490 176 2511 Art.
192 2488 297 2516 praeced.

338 237 415 271 410

338 314 421 339 nam,
447 303 615 344 acquisitae
639 304 678 334 ad
701 304 889 334 humanam:
915 311 950 335 ut
973 305 1005 334 in
1029 304 1142 334 eodem
1157 303 1299 344 sequenti
1324 302 1396 332 arti-

339 347 411 378 culo
435 354 528 388 patet.

393 391 434 421 Et
456 391 600 431 quamvis
623 392 735 422 Scotus
759 392 879 422 nullam
902 392 1032 423 istarum
1055 391 1164 427 solvat,
1183 401 1218 421 ac
1232 395 1397 430 propterea

339 445 404 466 non
429 442 508 466 esset
531 445 613 476 opus
637 436 783 476 ampliori
806 435 968 472 firmitate;
993 443 1028 466 ut
1052 442 1157 466 tamen
1185 434 1336 465 Scotistae
1360 443 1396 463 ex

338 479 472 519 propriis
497 489 529 509 se
553 486 753 519 cognoscant,
777 480 847 509 vide
871 481 977 520 quod,
1003 479 1027 509 si
1052 479 1129 509 ratio
1149 478 1234 508 Scoti
1255 487 1291 507 ex
1310 482 1396 516 parte

338 523 451 554 obiecti
476 524 710 563 approbaretur,
735 530 916 564 sequeretur
938 524 970 553 in
994 522 1102 562 primis
1130 522 1218 562 quod
1234 530 1291 550 nec
1307 520 1396 550 theo-

338 567 454 607 logicas
477 567 606 598 virtutes
629 574 755 607 oportet
777 577 894 607 ponere
916 566 1043 596 infusas.
1068 566 1231 596 Probatur.
1257 564 1340 601 Quia
1357 564 1396 593 ad

338 610 423 641 idem
446 611 606 642 obiectum
636 611 801 652 perficiunt
828 610 921 646 fides,
946 620 1016 650 spes
1040 617 1070 640 et
1093 609 1203 640 caritas
1226 607 1396 648 acquisitae

340 655 377 684 de
401 655 479 691 Deo,
505 655 543 685 ad
567 656 655 695 quod
671 654 835 695 perficiunt
853 654 989 684 infusae:
1011 660 1041 684 et
1064 653 1142 683 nihil
1158 652 1301 688 creditur,
1318 651 1396 682 nihil

339 705 489 738 speratur,
514 699 591 728 nihil
615 705 737 729 amatur
753 697 871 734 infusis,
885 698 973 738 quod
990 707 1055 727 non
1072 697 1240 738 acquisitis.
1261 697 1302 726 Et
1317 706 1394 736 qua-

339 753 476 783 cumque
498 742 617 773 ratione
641 742 763 772 solvent
785 741 857 777 hoc,
878 742 1036 771 solvemus
1057 741 1151 772 etiam
1167 742 1205 772 de
1221 740 1394 771 moralibus

338 786 458 817 infusis.
484 786 577 817 Verbi
594 786 700 825 gratia,
718 785 742 815 si
759 785 889 816 dixerint
905 785 992 825 quod
1012 795 1077 815 non
1094 795 1192 826 aeque
1209 784 1344 825 perfecte
1360 784 1396 815 fit

338 840 393 870 per
409 830 573 870 acquisitas
590 830 670 860 sicut
685 839 740 869 per
751 828 883 865 infusas;
904 829 945 859 ita
962 829 1056 859 etiam
1071 829 1131 860 hic.
1148 830 1189 860 Et
1204 830 1247 860 sic
1262 829 1301 859 de
1317 828 1393 860 aliis.

392 875 566 909 Praeterea,
593 873 617 903 si
642 883 707 903 non
731 880 922 913 ponerentur
945 873 1074 904 virtutes
1097 874 1232 904 morales
1256 873 1393 909 infusae,

338 925 518 959 sequeretur
541 917 629 957 quod
652 917 810 957 baptizato
834 926 944 957 puero,
964 918 1014 947 vel
1030 918 1138 948 adulto
1155 918 1244 959 quasi
1262 917 1394 948 neutrali

338 962 513 992 secundum
539 961 687 991 virtutem
710 961 759 991 vel
782 960 895 991 vitium
918 962 1084 1002 acquisita,
1117 972 1182 993 non
1207 961 1396 993 sufficienter

338 1006 501 1046 provisum
525 1012 613 1035 esset.
639 1004 722 1041 Quia
742 1004 897 1044 perfectus
917 1013 997 1036 esset
1015 1013 1158 1047 respectu
1173 1006 1244 1037 finis
1260 1013 1394 1042 tantum,

338 1060 373 1080 ex
396 1059 461 1090 quo
486 1049 606 1079 nullam
637 1048 791 1078 moralem
817 1049 955 1079 infusam
980 1057 1034 1081 aut
1056 1051 1242 1092 acquisitam
1269 1050 1396 1080 haberet

336 1093 494 1124 virtutem.
518 1093 559 1123 Et
581 1092 624 1123 sic
648 1102 713 1122 non
737 1100 843 1132 posset
866 1093 954 1134 sequi
979 1095 1121 1134 operatio
1141 1095 1277 1135 perfecta
1291 1095 1324 1124 in
1340 1104 1394 1133 ap-

336 1137 434 1178 petitu
447 1136 599 1167 inferiori:
618 1136 692 1176 quia
710 1136 780 1177 ipso
796 1137 943 1168 existente
960 1138 1154 1178 imperfecto,
1171 1139 1312 1180 operatio
1330 1148 1396 1168 non

336 1188 440 1221 potest
463 1180 551 1221 sequi
574 1181 726 1220 perfecta3
752 1181 893 1222 sequitur
908 1182 993 1212 enim
1010 1182 1197 1214 deteriorem
1212 1189 1344 1224 partem,
1361 1189 1396 1213 ut

337 1225 498 1256 conclusio
515 1225 547 1255 in
567 1225 762 1265 syllogismo.
777 1243 795 1248 -
811 1225 916 1256 Dicito
941 1236 1015 1266 ergo
1039 1228 1136 1267 quod,
1162 1228 1242 1259 sicut
1265 1237 1302 1258 ex
1325 1226 1396 1257 arti-

337 1269 414 1300 culis
437 1269 510 1299 fidei
532 1270 632 1299 multa
655 1269 841 1300 deducimus
865 1270 1017 1300 credenda
1042 1281 1077 1301 ex
1100 1271 1171 1307 illis,
1187 1272 1230 1302 ita
1254 1282 1290 1302 ex
1307 1271 1396 1302 theo-

336 1313 445 1353 logicis
467 1313 634 1343 virtutibus
658 1313 799 1343 revelatis
823 1314 951 1345 virtutes
975 1315 1109 1346 morales
1134 1315 1319 1347 deducimus
1336 1325 1395 1356 po-

337 1358 454 1388 nendas
477 1357 510 1387 in
533 1357 648 1396 anima,
671 1364 707 1388 ut
729 1364 815 1397 patet
838 1368 874 1388 ex
897 1358 996 1390 dictis.

391 1402 441 1432 111.
458 1401 509 1431 Ad
524 1401 659 1432 rationes
676 1411 749 1441 ergo
768 1402 801 1432 in
819 1402 1007 1442 oppositum
1020 1403 1038 1423 *
1057 1403 1170 1434 dicitur
1185 1405 1274 1445 quod
1289 1413 1396 1437 neces-

337 1446 409 1476 sitas
432 1445 571 1485 ponendi
590 1445 645 1475 has
661 1445 790 1476 virtutes
814 1453 860 1477 est
876 1456 912 1477 ex
927 1446 990 1478 fine
1006 1447 1205 1488 originaliter,
1222 1459 1287 1479 non
1304 1448 1337 1478 in
1353 1458 1395 1484 se,

337 1491 390 1520 sed
414 1490 446 1520 in
470 1489 517 1519 his
541 1499 622 1530 quae
645 1497 719 1520 sunt
741 1497 870 1530 propter
885 1501 927 1522 se.
943 1491 1080 1532 Oportet
1095 1492 1180 1523 enim
1196 1492 1336 1523 animam
1352 1492 1397 1522 di-

336 1534 407 1564 vine
431 1543 463 1564 se
486 1533 655 1564 habentem
678 1534 718 1564 ad
740 1533 852 1570 finem,
884 1535 988 1566 divine
1012 1546 1142 1577 quoque
1166 1547 1198 1567 se
1221 1537 1334 1567 habere
1358 1536 1397 1566 ad

338 1589 373 1608 ea
396 1588 477 1618 quae
505 1584 579 1608 sunt
602 1578 641 1608 ad
664 1577 776 1614 finem,
802 1579 826 1609 si
850 1579 1091 1619 proportionata
1118 1581 1226 1611 omnia
1254 1591 1321 1611 esse
1344 1581 1398 1610 de-

337 1623 421 1653 bent.
438 1639 458 1645 —
478 1621 613 1663 Oportet
632 1622 726 1653 etiam
741 1633 860 1663 ponere
884 1624 1011 1654 easdem
1033 1631 1163 1665 propter
1178 1625 1324 1662 modum,
1341 1635 1397 1655 seu

338 1665 489 1697 medium.
513 1667 596 1696 Nam
619 1666 698 1697 sicut
721 1667 754 1697 in
776 1667 944 1698 virtutibus
966 1668 1125 1708 acquisitis
1145 1669 1318 1710 synderesis
1333 1679 1399 1699 non

338 1709 429 1750 ponit
452 1710 594 1740 medium
617 1710 676 1740 nisi
700 1711 857 1742 mediante
881 1711 1057 1752 prudentia,
1082 1719 1112 1743 et
1125 1713 1262 1743 morales
1278 1713 1397 1753 appeti-

338 1754 418 1784 tivae
441 1754 582 1784 medium
606 1754 684 1784 illud
709 1762 919 1795 exequuntur;
944 1755 986 1786 ita
1001 1756 1033 1786 in
1050 1756 1162 1786 infusis
1185 1756 1276 1793 fides,
1301 1756 1398 1787 finem

339 1798 488 1828 ultimum
504 1797 631 1828 firmans
646 1805 676 1829 et
690 1799 831 1838 largiens,
849 1799 1005 1830 mediante
1020 1800 1185 1840 prudentia
1201 1800 1314 1836 infusa,
1332 1811 1397 1831 me-

1009 225 1273 272 QUAEsT1o
1304 224 1442 271 Lxm,
1473 224 1767 260 ARTICULUS
1798 225 1848 260 ιν

1452 301 1540 331 dium
1564 301 1736 332 moralibus
1760 301 1871 332 infusis
1899 302 2050 343 imponit,
2075 310 2106 334 et
2127 303 2195 333 illas
2219 308 2346 344 oportet
2368 301 2510 332 medium

1450 345 1529 375 illud
1552 345 1722 377 habilitare.
1747 346 1840 376 Fides
1863 355 1937 386 ergo
1961 347 2103 377 medium
2126 357 2191 377 non
2215 347 2267 378 dat
2290 346 2350 377 nisi
2372 351 2508 376 remote:

1451 389 1616 429 prudentia
1639 396 1746 420 autern
1769 389 1873 420 infusa
1893 390 2044 430 proxime.
2063 390 2198 430 Oportet
2217 397 2323 421 autem
2339 389 2398 420 Dei
2414 399 2510 429 opera

1452 433 1587 473 perfecta
1611 442 1692 469 esse;
1718 440 1754 463 ut
1777 440 1807 464 et
1830 433 1931 473 prima
1955 441 1985 465 et
2000 434 2143 474 proxima
2158 435 2331 465 habeantur
2346 433 2508 474 principia.

1507 478 1553 507 Ex
1576 484 1662 517 parte
1686 487 1816 517 quoque
1840 477 1963 514 obiecti,
1988 485 2113 518 oportet
2131 478 2257 509 easdem
2276 486 2404 517 ponere.
2426 476 2510 514 Quia

1452 521 1538 551 aliud
1561 527 1608 551 est
1629 521 1719 561 loqui
1740 521 1778 551 de
1794 521 1918 552 obiecto
1937 521 2078 558 formali;
2103 528 2133 552 et
2151 522 2237 552 aliud
2253 521 2291 551 de
2306 520 2435 551 materia
2449 520 2511 550 vir-

1451 571 1567 595 tutum.
1592 565 1632 595 Et
1654 565 1727 595 licet
1748 575 1804 605 per
1827 571 1949 605 septem
1970 565 2039 596 illas
2062 566 2191 596 virtutes
2214 564 2415 605 perficiamur
2429 563 2510 594 circa

1450 618 1582 639 omnem
1611 609 1790 645 materiam;
1815 619 1880 639 non
1903 615 2010 639 tamen
2032 610 2112 640 circa
2134 619 2231 640 omne
2261 609 2422 639 obiectum
2445 606 2509 637 for-

1450 653 1542 683 male.
1569 653 1659 689 Idest,
1684 652 1864 693 perficimur
1887 653 1967 683 circa
1990 663 2086 684 omne
2110 653 2279 689 obiectum,
2304 652 2358 682 sed
2381 661 2447 681 non
2464 660 2510 681 se-

1451 697 1592 727 cundum
1616 707 1747 727 ornnem
1770 697 1924 728 rationem
1948 697 2125 733 formalem,
2143 704 2178 728 ut
2192 703 2277 737 patet
2300 706 2336 726 ex
2356 694 2445 725 dictis
2460 694 2488 725 *.

1505 741 1555 771 Ad
1578 741 1610 770 id
1626 747 1733 771 autem
1749 741 1838 781 quod
1854 740 1988 777 additur,
2004 741 2093 781 quod
2107 740 2236 771 virtutes
2252 739 2388 770 morales
2404 737 2510 779 acqui·

1450 785 1536 821 sitae,
1550 791 1586 815 ut
1597 785 1792 825 imperantur
1807 794 1825 814 a
1840 785 1974 820 caritate,
1991 783 2175 819 ordinantur
2189 785 2229 814 ad
2244 784 2395 815 ultimum
2413 781 2509 812 finem

1450 829 1735 868 supernaturalem:
1760 829 1968 868 respondetur
1990 828 2079 869 quod
2093 828 2155 858 hoc
2177 838 2287 858 verum
2303 834 2358 864 est,
2375 826 2430 857 sed
2443 835 2510 856 non

1451 873 1574 904 sufficit.
1599 873 1697 910 Quod
1721 873 1887 913 dupliciter
1902 879 1998 913 patet.
2021 872 2139 908 Primo,
2155 871 2230 912 quia
2252 872 2292 902 ad
2314 871 2421 911 ipsum
2444 879 2510 900 non

1456 917 1642 948 ordinantur
1664 917 1834 958 acquisitae
1850 923 1886 948 ut
1908 917 1948 947 ad
1971 915 2249 956 proportionatum
2268 914 2444 946 secundum
2467 923 2510 950 se,

1451 961 1505 991 sed
1535 972 1572 992 ex
1597 968 1684 1002 parte
1715 961 1888 991 ordinantis
1911 967 2056 991 tantum:
2081 959 2210 990 virtutes
2240 966 2347 990 autem
2375 957 2510 988 morales

1450 1005 1573 1035 infusae
1601 1005 1786 1035 ordinantur
1809 1011 1845 1035 ut
1868 1004 2045 1035 secundum
2067 1013 2100 1033 se
2124 1002 2382 1043 proportionatae
2404 1001 2445 1032 ad
2467 1007 2511 1032 ta-

1450 1049 1515 1079 lem
1537 1048 1634 1079 finem
1658 1048 1938 1089 supernaturalem.
1964 1047 2049 1078 Cum
2068 1047 2153 1078 enim
2169 1053 2305 1087 utroque
2321 1045 2420 1076 modo
2437 1054 2511 1076 con-

1450 1093 1549 1132 tingat
1572 1092 1691 1134 aliquid
1715 1092 1852 1123 ordinari
1875 1092 1915 1122 ad
1938 1090 2209 1131 supernaturalem
2231 1089 2337 1126 finem,
2354 1089 2407 1119 ille
2425 1094 2512 1119 actus

1451 1137 1615 1168 ordinatur
1637 1137 1670 1167 in
1693 1137 1785 1167 illum
1809 1143 1844 1167 ut
1866 1135 2126 1176 proportionatus
2150 1134 2327 1165 secundum
2345 1142 2395 1169 se,
2422 1132 2512 1163 cuius

1450 1182 1614 1222 proximus
1637 1181 1708 1211 finis
1730 1181 1764 1211 in
1782 1180 1874 1211 illum
1890 1179 2063 1211 ordinatur.
2081 1178 2215 1210 Constat
2231 1184 2337 1209 autem
2353 1175 2443 1217 quod
2456 1175 2512 1206 bo-

1439 1236 1531 1256 .num
1554 1226 1730 1256 secundum
1752 1224 1895 1265 regulam
1918 1223 2067 1260 divinam,
2091 1222 2180 1264 quod
2203 1228 2250 1252 est
2271 1220 2419 1262 proprius
2441 1218 2513 1250 finis

1451 1270 1579 1301 moralis
1601 1269 1739 1305 infusae,
1765 1275 1796 1299 et
1817 1269 1941 1299 bonum
1964 1267 2141 1298 secundum
2163 1266 2338 1297 humanam
2361 1263 2512 1304 regulam,

1451 1315 1541 1355 quod
1564 1321 1611 1345 est
1633 1313 1797 1354 proximus
1819 1312 1890 1343 finis
1913 1312 2094 1353 acquisitae,
2110 1311 2153 1342 ita
2169 1320 2202 1341 se
2217 1310 2333 1340 habent
2348 1307 2438 1349 quod
2451 1306 2514 1338 hoc

1451 1366 1498 1391 est
1519 1359 1667 1394 humani,
1691 1357 1771 1388 illud
1801 1356 1897 1387 divini
1924 1356 2061 1387 ordinis:
2086 1361 2118 1386 et
2139 1359 2368 1395 consequenter
2389 1351 2453 1382 hoc
2476 1361 2514 1382 ex

1451 1404 1513 1435 alio
1538 1410 1680 1441 tantum,
1702 1401 1783 1432 illud
1808 1401 1903 1432 etiam
1926 1410 1963 1431 ex
1986 1410 2018 1430 se
2040 1399 2134 1430 habet
2157 1398 2246 1439 quod
2268 1397 2308 1428 ad
2331 1397 2437 1428 Deum
2460 1405 2513 1426 su-

1450 1447 1683 1489 pernaturalem
1701 1445 1798 1476 finem
1813 1445 1984 1476 ordinetur.
2000 1462 2021 1467 -
2035 1443 2182 1474 Secundo
2198 1441 2283 1483 quia,
2300 1447 2336 1472 ut
2354 1450 2392 1471 ex
2404 1448 2513 1480 supra-

1451 1493 1541 1524 dictis
1552 1492 1570 1511 *
1579 1498 1674 1532 patet,
1686 1490 1815 1521 virtutes
1828 1489 1963 1519 morales
1976 1487 2162 1518 ordinantur
2173 1497 2191 1516 a
2203 1485 2328 1517 caritate
2343 1484 2383 1515 ad
2395 1483 2511 1520 Deum,

1452 1544 1488 1568 ut
1510 1547 1559 1567 res
1581 1534 1885 1576 improportionatae
1908 1532 1968 1573 ipsi
1985 1531 2112 1567 caritati,
2128 1536 2240 1571 utpote
2255 1528 2410 1560 inferioris
2430 1527 2513 1557 ordi-

1452 1581 1510 1612 nis.
1533 1580 1669 1621 Oportet
1685 1586 1792 1610 autem
1812 1577 1972 1608 caritatem
1991 1575 2096 1606 media
2113 1575 2227 1605 habere
2242 1572 2292 1604 sui
2307 1572 2435 1608 ordinis,
2455 1577 2512 1602 etc.

1452 1643 1473 1648 -
1494 1623 1624 1655 Accedit
1646 1623 1686 1654 ad
1708 1622 1786 1658 hoc,
1817 1621 1849 1651 in
1872 1619 2062 1651 Clementin.
2089 1619 2128 1649 de
2154 1618 2242 1648 Sum.
2268 1617 2356 1647 Trin.
2385 1621 2416 1646 et
2442 1614 2515 1647 Fid.

1455 1669 1558 1706 cath„
1571 1678 1639 1708 cap.
1649 1666 1740 1697 Rdei
1751 1665 1936 1701 catholicae,
1953 1662 2122 1694 auctoritas
2138 1662 2307 1692 decernens
2322 1659 2452 1690 virtutes
2467 1658 2514 1688 in-

1452 1712 1543 1743 fundi
1566 1712 1599 1742 in
1622 1711 1790 1751 baptismo.
1814 1709 1856 1739 Et
1879 1707 1953 1748 quia
1976 1717 2043 1737 non
2066 1706 2141 1736 dicit
2155 1705 2211 1735 has
2226 1703 2276 1734 vel
2291 1703 2359 1734 illas
2373 1702 2513 1739 virtutes,

1453 1766 1564 1787 omnes
1588 1765 1666 1796 quas
1684 1752 1826 1792 theologi
1849 1751 1973 1782 infundi
1988 1751 2021 1781 in
2037 1749 2196 1790 baptismo
2213 1747 2315 1779 unitas
2331 1753 2448 1784 tenent,
2467 1746 2514 1777 in-

1453 1801 1566 1840 tellige.

1115 1961 1431 2004 ARTICULUS
1462 1959 1734 2013 QUARTUS

724 2054 879 2084 UTRUM
902 2053 1059 2084 VIRTUS
1083 2053 1209 2090 QUAM
1232 2053 1501 2091 ACQUIRIMUS
1525 2054 1582 2084 EX
1605 2052 1784 2084 OPERUM
1807 2050 2122 2086 ASSUETUDINE,

933 2097 998 2128 SIT
1022 2097 1211 2128 EIUSDEM
1234 2098 1395 2129 SPECIEI
1420 2098 1513 2129 CUM
1536 2097 1730 2128 VIRTUTE
1754 2096 1908 2127 INFUSA

690 2186 720 2210 111
741 2186 829 2217 Sent.‚
849 2186 907 2211 dist.
926 2193 1016 2216 xxxin,
1035 2194 1080 2219 qu.
1100 2194 1122 2217 1,
1142 2192 1188 2211 art.
1210 2193 1233 2217 2,
1247 2188 1293 2219 qu*
1314 2194 1344 2218 43
1365 2187 1406 2211 De
1429 2186 1534 2215 Vir-tut„
1555 2193 1600 2218 qu.
1612 2193 1634 2216 1,
1654 2190 1700 2210 art.
1720 2193 1757 2214 10,
1778 2185 1809 2209 ad
1829 2192 1853 2217 7,
1873 2184 1897 2216 8,
1917 2192 1948 2218 95
1968 2192 2012 2217 qu.
2026 2191 2050 2213 v,
2070 2188 2116 2208 art.
2133 2190 2160 2214 4.

379 2290 433 2331 φῖ)
460 2294 528 2337 suff<
551 2288 573 2312 D
594 2286 765 2317 QUARTUM
785 2286 837 2310 stc
857 2286 1095 2311 PROCEDITUR.
1116 2274 1274 2311 Videtur
1293 2275 1398 2323 quod

474 2326 524 2390 {32¹0
550 2328 705 2364 virtutes
720 2327 864 2363 infusae
879 2339 958 2363 non
973 2326 1045 2363 sint
1059 2327 1210 2363 alterius
1225 2327 1362 2375 speciei
1377 2339 1399 2363 a

400 2444 411 2457 *
512 2421 622 2470 sita
642 2440 679 2469 et
699 2432 817 2469 virtus
850 2432 991 2478 infusa,
1017 2432 1229 2469 secundum
1253 2432 1400 2481 praedi-

341 2493 399 2523 cta
423 2485 454 2533 ²³,
484 2498 562 2522 non
589 2485 767 2522 videntur
795 2484 944 2521 differre
969 2484 1039 2521 nisi
1059 2485 1271 2522 secundum
1301 2485 1400 2522 ordi-

340 2549 430 2576 nem
454 2538 503 2575 ad
530 2538 704 2574 ultimum
724 2538 855 2574 finem.
887 2537 963 2574 Sed
982 2537 1132 2574 habitus
1152 2544 1188 2574 et
1207 2545 1311 2574 actus
1331 2538 1399 2574 hu-

341 2591 444 2628 mani
472 2603 550 2627 non
578 2590 763 2639 recipiunt
790 2590 956 2638 speciem
986 2590 1033 2626 ab
1062 2589 1196 2627 ultimo
1221 2590 1310 2636 fine,
1331 2590 1399 2627 sed

341 2657 363 2681 a
381 2644 568 2693 proximo.
599 2644 690 2679 Non
719 2655 807 2690 ergo
835 2642 990 2679 virtutes
1014 2643 1179 2679 morales
1206 2643 1267 2679 vel
1295 2642 1400 2679 intel-

340 2698 516 2734 lectuales
545 2696 690 2732 infusae
719 2695 896 2732 differunt
924 2695 1049 2743 specie
1075 2695 1122 2732 ab
1143 2695 1344 2743 acquisitis.

395 2761 429 2786 2.
459 2750 692 2795 PRAETEREA,
721 2747 871 2785 habitus
893 2760 963 2796 per
983 2755 1087 2784 actus
1108 2755 1399 2796 cognoscuntur.

343 2803 420 2840 Sed
434 2802 537 2839 idem
554 2809 608 2838 est
621 2809 726 2838 actus
745 2800 1016 2849 temperantiae
1037 2801 1194 2846 infusae,
1217 2809 1252 2837 et
1272 2801 1399 2850 acqui-

343 2856 457 2892 sitae:
502 2854 639 2892 scilicet
676 2853 865 2890 moderari
907 2853 1231 2902 concupiscentias
1267 2861 1399 2891 tactus.

343 2910 442 2956 Ergo
473 2920 551 2944 non
580 2907 758 2943 differunt
785 2906 921 2955 specie.

398 2962 431 2997 3.
458 2961 689 3007 PRAETEREA,
718 2959 836 2996 virtus
866 2958 1047 3007 acquisita
1077 2966 1112 2995 et
1139 2959 1261 2995 infusa
1295 2958 1402 2996 diffe-

344 3021 428 3051 runt
456 3013 667 3050 secundum
696 3012 786 3049 illud
814 3012 919 3063 quod
949 3019 1003 3048 est
1030 3011 1249 3048 immediate
1275 3024 1297 3048 a
1316 3013 1401 3049 Deo

344 3067 496 3113 factum,
518 3073 555 3102 et
581 3078 603 3102 a
632 3073 812 3102 creatura.
843 3064 920 3102 Sed
939 3064 1042 3102 idem
1064 3072 1118 3101 est
1137 3064 1262 3113 specie
1282 3065 1402 3102 homo

344 3131 461 3167 quem
480 3120 584 3156 Deus
604 3117 792 3164 formavit,
824 3125 859 3154 et
878 3129 994 3165 quem
1013 3125 1165 3165 generat
1184 3125 1332 3163 natura;
1367 3125 1403 3154 et

345 3172 476 3208 oculus
510 3183 624 3219 quem
655 3182 768 3206 caeco
803 3178 890 3207 nato
926 3170 1044 3218 dedit,
1075 3178 1110 3207 et
1138 3182 1255 3218 quem
1282 3170 1402 3207 virtus

345 3224 545 3261 formativa
574 3230 712 3259 causat.
742 3224 843 3270 Ergo
870 3223 1022 3259 videtur
1049 3224 1154 3271 quod
1183 3230 1238 3260 est
1266 3223 1402 3260 eadem

345 3277 469 3326 specie
497 3276 616 3313 virtus
644 3275 836 3323 acquisita,
867 3283 903 3311 et
929 3276 1061 3312 infusa.

400 3330 473 3366 SED
503 3340 658 3375 CONTRA,
688 3328 878 3377 quaelibet
898 3328 1106 3365 differentia
1123 3328 1162 3365 in
1182 3328 1403 3366 definitione

346 3382 480 3431 posita,
509 3389 653 3418 mutata
683 3381 909 3418 diversificat
937 3381 1115 3429 speciem.
1147 3381 1223 3419 Sed
1252 3381 1290 3418 in
1310 3381 1406 3420 defi-.

347 3435 487 3471 nitione
519 3434 665 3472 virtutis
698 3434 841 3471 infusae
874 3434 1046 3482 ponitur:
1085 3446 1198 3482 quam
1233 3435 1337 3471 Deus
1364 3434 1401 3471 in

1454 2274 1559 2311 nobis
1585 2274 1665 2310 sine
1692 2273 1797 2310 nohis
1824 2278 2014 2320 operatur,
2042 2279 2084 2308 ut
2103 2283 2218 2320 supra
2235 2270 2256 2292 '¹‘
2284 2269 2426 2307 dictum
2447 2277 2514 2307 est.

1454 2327 1556 2374 Ergo
1583 2326 1703 2363 virtus
1731 2325 1924 2373 acquisita,
1954 2324 2014 2361 cui
2033 2324 2108 2360 hoc
2126 2335 2205 2360 non
2225 2322 2416 2371 convenit,
2436 2334 2516 2360 non

469 2397 473 2399 ⁴
502 2382 530 2418 ἦ.
551 2380 751 2417 virtutibus
775 2379 975 2428 acquisitis.
1005 2379 1132 2416 Virtus
1153 2379 1252 2416 enim
1272 2379 1399 2428 acqui·
1454 2386 1511 2415 est
1538 2378 1708 2415 eiusdem
1737 2377 1877 2426 speciei
1905 2389 1994 2414 cum
2021 2376 2154 2413 infusa.

1508 2432 1732 2467 RESPONDEO
1747 2442 1931 2467 DICENDUM
1946 2429 2052 2477 quod
2067 2427 2264 2477 dupliciter
2277 2427 2428 2465 habitus
2444 2427 2515 2465 dis-

1454 2484 1672 2531 tinguuntur
1700 2483 1837 2531 specie.
1871 2483 1958 2519 Uno
1987 2482 2121 2528 modo,
2157 2481 2252 2518 sicut
2278 2480 2514 2529 praedictum

1456 2544 1510 2573 est
1519 2536 1550 2582 ³¹²,
1567 2536 1778 2573 secundum
1793 2535 1974 2583 speciales
1990 2542 2026 2571 et
2040 2534 2219 2571 formales
2234 2533 2396 2570 rationes
2411 2534 2516 2570 obie-

1455 2596 1614 2626 ctorum.
1637 2587 1841 2625 obiectum
1856 2595 1985 2624 autem
1999 2586 2146 2624 virtutis
2167 2586 2363 2623 cuiuslibet
2378 2593 2433 2623 est
2447 2586 2515 2623 bo-

1455 2654 1548 2679 num
1569 2640 1849 2678 consideratum
1869 2640 1906 2677 in
1927 2639 2084 2676 materia
2107 2639 2278 2688 propria:
2308 2638 2404 2676 sicut
2421 2646 2516 2676 tem-

1454 2693 1647 2743 perantiae
1680 2693 1873 2730 obiectum
1903 2700 1958 2729 est
1985 2693 2133 2730 bonum
2171 2691 2449 2729 delectabilium
2477 2692 2516 2730 in

1456 2746 1771 2796 concupiscentiis
1798 2753 1931 2783 tactus.
1961 2745 2080 2782 Cuius
2108 2745 2263 2793 quidem
2287 2744 2423 2782 obiecti
2442 2745 2516 2782 for·

1456 2799 1566 2837 malis
1594 2799 1688 2836 ratio
1710 2807 1765 2836 est
1783 2812 1806 2836 a
1825 2799 1982 2846 ratione,
2001 2811 2100 2848 quae
2118 2797 2272 2835 instituit
2295 2798 2457 2835 modum
2475 2797 2516 2836 in

1456 2853 1514 2890 his
1544 2851 1880 2901 concupiscentiis:
1909 2851 2101 2888 materiale
2130 2858 2258 2888 autem
2278 2858 2334 2887 est
2352 2850 2390 2888 id
2409 2851 2515 2899 quod

1457 2913 1513 2942 est
1542 2917 1587 2942 ex
1614 2912 1718 2954 parte
1748 2904 2151 2953 concupiscentiarum.
2186 2903 2431 2940 Manifestum
2460 2911 2517 2941 est

1457 2966 1585 2995 autem
1615 2958 1720 3007 quod
1748 2957 1898 2994 alterius
1927 2956 2079 2994 rationis
2103 2964 2159 2994 est
2186 2957 2325 2994 modus
2353 2956 2418 3005 qui
2445 2956 2515 2994 im·

1455 3011 1608 3060 ponitur
1627 3016 1645 3032 ‘²
1673 3011 1710 3047 in
1730 3009 1950 3047 huiusmodi
1971 3008 2285 3058 concupiscentiis
2304 3009 2516 3047 secundum

1456 3065 1625 3112 regulam
1645 3063 1799 3100 rationis
1818 3063 2021 3110 humanae,
2051 3070 2088 3100 et
2114 3061 2325 3099 secundum
2346 3063 2516 3110 regulam

1458 3116 1638 3154 divinam.
1667 3117 1764 3153 Puta
1782 3116 1821 3153 in
1841 3115 2055 3164 sumptione
2080 3115 2264 3162 ciborum,
2287 3114 2429 3152 ratione
2447 3115 2517 3153 hu-

1457 3182 1572 3207 mana
1600 3169 1740 3206 modus
1768 3169 1940 3206 statuitur
1965 3176 2008 3205 ut
2034 3180 2114 3205 non
2145 3175 2282 3205 noceat
2308 3166 2516 3205 valetudini

1458 3222 1640 3271 corporis,
1661 3234 1732 3259 nec
1755 3221 1937 3271 impediat
1957 3221 2110 3258 rationis
2129 3227 2275 3257 actum:
2305 3220 2516 3258 secundum

1456 3283 1585 3312 autem
1601 3275 1768 3323 regulam
1783 3274 1874 3322 legis
1889 3274 2052 3322 divinae,
2069 3273 2269 3322 requiritur
2279 3273 2383 3322 quod
2395 3273 2515 3310 homo

1458 3329 1615 3378 castiget
1644 3339 1779 3376 corpus
1810 3339 1932 3373 suum,
1961 3332 1997 3363 et
2022 3327 2059 3364 in
2086 3326 2300 3364 servitutem
2319 3325 2468 3375 redigat
2481 3324 2514 3373 ⁸¹,

1458 3393 1526 3430 per
1544 3380 1810 3418 abstinentiam
1839 3379 1912 3416 cibi
1940 3387 1976 3416 et
2002 3387 2128 3428 potus,
2153 3387 2190 3416 et
2208 3379 2368 3416 aliorum
2386 3377 2516 3415 huius-

1459 3434 1576 3471 modi.
1606 3434 1717 3471 Unde
1735 3432 1979 3470 manifestum
2000 3439 2055 3469 est
2074 3433 2176 3481 quod
2195 3430 2441 3481 temperantia
2459 3431 2516 3468 in·

401 3538 428 3572 α)
448 3539 493 3571 qui
512 3539 664 3570 imponitur.
677 3552 696 3557 -
714 3538 852 3570 impositus
872 3538 981 3562 codices.

2536 696 2547 707 '³
2561 695 2632 717 Num.
2647 701 2673 717 u.

2538 1489 2550 1500 ¹⁵
2563 1488 2622 1511 Ibid.

2542 2275 2552 2286 '
2561 2275 2613 2298 An.
2622 2281 2646 2302 ας
2662 2281 2702 2304 qu.
2715 2281 2752 2302 u,

2541 2305 2584 2324 art.
2598 2308 2622 2329 4.

2542 2543 2551 2553 '
2564 2541 2612 2570 Qu.
2622 2548 2666 2569 uv,
2677 2546 2721 2564 art.
2730 2549 2752 2569 ης

2542 2572 2582 2596 qu.
2586 2574 2633 2596 rm,
2639 2572 2708 2596 nrt-25
2713 2575 2752 2597 qu.

2541 2601 2580 2623 Lx,
2594 2597 2639 2617 art.
2653 2601 2671 2617 1.

2543 3336 2552 3345 ·
2559 3333 2598 3356 Ad
2607 3334 2663 3357 Cor.
2673 3334 2692 3362 1,
2701 3339 2754 3362 etp.

2543 3367 2574 3390 rx,
2588 3366 2649 3383 vers.
2663 3366 2698 3389 ²7·
