2852 4152
184 694 209 714 ιι,
218 694 242 710 n.
250 694 275 714 4.
286 699 296 703 -

86 688 169 737 '‘S-'eff
183 715 236 736 lect.
251 721 288 736 nr.

82 1290 94 1302 ⁸
102 1290 151 1319 Qu.
158 1296 206 1318 vm,
217 1294 261 1313 art.
268 1297 289 1315 2:

82 1323 122 1346 qu.
129 1323 172 1344 ιιι,
180 1320 223 1339 nrt.
230 1324 254 1344 4,
263 1317 291 1338 ad

81 1349 105 1372 3;
118 1349 159 1372 qu.
178 1349 234 1371 xm,
248 1347 291 1365 art.

0 1443 12 1533 W„

78 1479 175 1579 {3'3}
93 1385 107 1443 ·-·

78 2446 91 2457 ·
104 2445 156 2469 Art.
171 2450 192 2473 2,
208 2445 231 2467 6.

85 3346 96 3357 '¹
109 3347 161 3369 An.
173 3346 279 3374 praeced.

0 3828 4 3881 i

977 242 1241 288 QUAEsrio
1271 243 1410 289 xv111‚
1439 243 1733 280 ARTicuLUS
1761 243 1828 280 vu

324 326 366 356 ut
398 319 556 355 formale
590 318 639 355 ad
675 318 713 355 id
748 320 852 366 quod
890 327 945 357 est
983 333 1027 357 ex
1055 328 1160 369 parte
1189 320 1380 357 exterioris

325 378 446 408 actus:
472 370 560 419 quia
578 371 754 408 voluntas
773 372 888 409 utitur
905 374 1088 410 membris
1108 374 1157 410 ad
1177 374 1379 421 agendum,

324 424 420 460 sicut
446 423 718 469 instrumentis3
744 437 868 474 neque
888 433 991 462 actus
1011 426 1213 463 exteriores
1240 426 1381 463 habent

322 476 510 513 rationem
536 476 767 524 moralitatis,
788 478 857 514 nisi
881 478 1104 526 inquantum
1133 486 1220 516 sunt
1244 480 1379 516 volun-

323 528 416 566 tarii.
437 529 487 565 Et
500 528 587 565 ideo
602 536 708 566 actus
726 530 884 567 humani
903 532 1048 579 species
1066 531 1273 568 formaliter
1292 544 1380 568 con-

323 581 510 618 sideratur
536 582 748 618 secundum
767 583 898 629 finem,
919 585 1159 621 materialiter
1177 592 1305 621 autem
1323 597 1380 621 se—

324 635 492 672 cundum
522 634 714 671 obiectum
744 636 936 673 exterioris
964 645 1080 674 actus.
1115 638 1227 674 Unde
1254 638 1380 674 Philo-

323 688 467 735 sophus
493 686 591 733 dicit,
616 687 654 724 in
673 689 708 724 V
725 689 844 725 Ethic.
865 689 901 736 ³¹²,
931 691 1035 738 quod
1059 690 1119 726 ille
1141 691 1207 738 qui
1220 692 1381 738 furatur

323 741 366 776 'ut
399 740 604 776 committat
630 741 875 788 adulterium,
910 748 982 788 est,
1011 755 1084 791 per
1108 755 1148 779 se
1174 743 1378 791 quuendo,

322 792 447 841 magis
474 793 620 829 adulter
648 805 761 842 quam
778 795 864 842 fur.

375 907 403 942 α)
423 902 512 933 etiarn.
530 921 549 927 -
567 908 628 933 Om.
648 909 721 934 PHa.

2416 246 2485 284 133

1486 320 1544 358 An
1572 333 1708 358 PRiMUM
1736 333 1832 359 ERGO
1870 334 2051 360 DICENDUM
2084 325 2187 371 quod
2215 324 2327 360 etiam
2357 330 2375 346 α
2400 324 2486 362 finis

1434 374 1548 410 habet
1576 374 1760 411 rationem
1789 375 1936 421 obiecti,
1965 383 2005 411 ut
2033 375 2173 412 dictum
2202 384 2257 412 est
2279 376 2309 412 *.

1487 429 1546 463 AD
1573 438 1762 465 SECUNDUM
1790 436 1972 464 DICENDUM
1997 428 2101 475 quod
2122 428 2285 465 ordinari
2305 428 2352 464 ad
2371 430 2484 466 talem

1433 479 1563 527 finem,
1585 479 1652 516 etsi
1677 480 1822 517 accidat
1841 479 2014 517 exteriori
2033 480 2150 527 actui,
2181 493 2258 516 non
2278 487 2406 517 tamen
2425 493 2484 517 ac-

1434 532 1521 568 cidit
1557 532 1655 569 actui
1691 532 1858 569 interiori
1893 533 2112 579 voluntatis,
2148 533 2211 581 qui
2245 541 2485 581 comparatur

1434 585 1481 621 ad
1510 585 1732 622 exteriorem
1761 585 1856 622 sicut
1883 586 2042 622 formale
2070 585 2119 622 ad
2147 585 2348 621 materiale.

1486 639 1545 674 An
1572 649 1730 674 TERTmM
1758 649 1941 674 memnon
1960 638 2064 686 quod
2083 637 2238 686 quando
2257 637 2362 673 multi
2381 644 2484 673 actus

1434 690 1559 737 specie
1588 690 1800 727 differentes
1827 691 2048 727 ordinantur
2071 690 2121 727 ad
2139 702 2260 727 unum
2280 690 2409 735 finem,
2431 697 2486 726 est

1435 742 1587 790 quidem
1616 742 1810 779 diversitas
1839 743 1976 791 speciei
1997 756 2040 779 ex
2059 751 2164 791 parte
2194 742 2418 779 exteriorum
2447 754 2486 778 a·

1435 801 1582 839 ctuum;
1603 795 1671 831 sed
1689 795 1811 831 unitas
1830 796 1968 844 speciei
1984 807 2027 832 ex
2043 803 2148 844 parte
2164 802 2268 831 actus
2287 794 2480 831 interioris.

993 982 1323 1015 Commentana
1346 981 1595 1016 cardinalis
1618 982 1817 1016 Caietam

350 1077 371 1097 N
394 1073 480 1098 sexto
496 1066 627 1097 articulo
646 1065 787 1096 eiusdem
803 1065 996 1105 quaestionis
1019 1065 1296 1101 decimaeoctavae,
1321 1065 1377 1095 du-

324 1078 440 1142 Ibium
455 1110 595 1142 est·circa
609 1110 663 1140 illa
676 1110 770 1139 verba
785 1109 818 1139 in
833 1119 966 1149 corpore
980 1109 1117 1139 articuli:
1141 1109 1231 1139 Finis
1245 1110 1378 1149 proprie

321 1160 367 1185 est
389 1155 541 1185 obiectum
566 1154 726 1184 interioris
749 1158 840 1183 actus
856 1154 1038 1183 voluntarii.
1063 1153 1194 1183 Videtur
1213 1153 1297 1183 enirn
1316 1153 1377 1182 hoc

320 1208 388 1232 esse
406 1198 532 1229 falsum.
555 1199 638 1228 Nam
650 1197 811 1227 obiectum
826 1197 987 1227 electionis
1003 1196 1166 1227 manifeste
1181 1203 1228 1227 est
1242 1197 1275 1226 id
1290 1196 1378 1237 quod

321 1249 367 1273 est
389 1243 428 1273 ad
451 1242 562 1273 finem:
586 1242 687 1271 immo
711 1241 744 1270 in
766 1241 829 1271 hoc
852 1240 1053 1279 distinguitur
1074 1251 1091 1270 a
1106 1241 1259 1270 volitione
1283 1247 1313 1270 et
1331 1240 1377 1270 in-

319 1285 469 1323 tentione,
494 1293 531 1317 ut
553 1285 697 1325 superius
710 1283 729 1302 ³*
747 1291 841 1323 patet,
867 1290 897 1314 et
919 1284 951 1313 in
968 1284 1008 1313 111
1025 1284 1127 1314 Ethic.
1144 1283 1181 1301 ‘'²‘'
1205 1284 1245 1314 Et
1268 1284 1378 1313 eadem

319 1330 486 1360 difficultas
505 1336 552 1360 est
569 1330 608 1359 de
631 1337 787 1358 consensu
812 1333 842 1357 et
865 1337 935 1362 usu,
960 1327 998 1356 de
1022 1327 1138 1366 quibus
1161 1327 1281 1356 dictum
1305 1327 1378 1357 est*

319 1373 407 1414 quod
431 1380 505 1404 sunt
526 1378 669 1413 respectu
693 1370 760 1401 eius
784 1371 872 1410 quod
896 1377 942 1400 est
964 1370 1004 1399 ad
1026 1369 1134 1400 finem.

263 1407 291 1417 '-
318 1416 516 1458 ‚JAdbhoe
542 1415 656 1446 dicitur
685 1414 775 1455 quod
803 1413 963 1444 obiectum
993 1413 1126 1444 formale
1155 1413 1260 1443 omnis
1291 1419 1378 1443 actus

248 1463 255 1469 '
269 1454 289 1495 ,³
313 1457 489 1491 Voluntatis
513 1466 559 1495 est
581 1457 667 1488 finis:
693 1467 731 1487 eo
756 1457 844 1498 quod
868 1463 913 1487 est
936 1457 1030 1500 etiam
1053 1457 1132 1488 ratio
1156 1467 1268 1487 eorum
1297 1467 1378 1497 quae

281 1534 286 1540 ,
318 1509 393 1534 sunt
415 1503 455 1533 ad
477 1501 583 1533 finem.
605 1501 697 1534 Unde
711 1503 842 1537 Auctor,
858 1501 897 1530 ad
917 1501 1140 1531 insinuandam
1158 1501 1239 1530 hanc
1262 1500 1378 1530 forma-

284 1568 286 1570 -
317 1544 437 1578 litatem
461 1546 590 1585 obiecti,
615 1545 765 1586 apposuit
786 1545 820 1585 ly
837 1546 986 1585 proprie,
1013 1544 1134 1575 dicens:
1158 1545 1249 1574 Finis
1271 1549 1376 1574 autem

312 1592 457 1632 proprie.
481 1591 523 1621 Et
544 1591 606 1620 hoc
629 1590 662 1619 in
685 1589 888 1630 sequentibus
912 1599 986 1628 prae
1002 1588 1103 1618 oculis
1122 1588 1304 1618 habendum
1321 1595 1376 1618 est.

374 1635 411 1666 11.
438 1635 473 1665 In
497 1634 702 1674 responsione
725 1634 766 1664 ad
789 1634 965 1664 secundum
988 1633 1130 1663 eiusdem
1153 1632 1283 1668 articuli,
1304 1642 1377 1662 con-

318 1689 412 1719 grega
435 1679 600 1718 diligenter
621 1678 715 1708 verba
737 1677 866 1713 litterae,
886 1683 922 1707 ut
938 1677 1049 1707 evadas
1074 1676 1279 1706 difficultates.
1303 1677 1377 1706 Non

319 1723 404 1754 enim
427 1723 541 1754 dicitur
562 1722 596 1752 in
618 1721 719 1752 littera
742 1721 831 1762 quod
854 1721 913 1751 soli
937 1720 1020 1751 actui
1037 1720 1180 1751 exteriori
1200 1719 1312 1750 accidit
1328 1729 1378 1750 or-

1429 1065 1527 1095 dinari
1546 1065 1578 1095 in
1598 1066 1692 1095 talem
1710 1065 1816 1096 finem.
1841 1067 1912 1096 Hoc
1929 1066 2013 1096 enim
2029 1072 2108 1096 esset
2124 1065 2254 1096 falsum:
2275 1071 2378 1105 potest
2393 1075 2483 1096 nam—

1429 1119 1491 1149 que
1516 1109 1609 1140 etiam
1632 1109 1770 1140 interiori
1793 1110 1963 1140 voluntatis
1987 1109 2068 1140 actui
2091 1109 2229 1139 accidere
2246 1110 2325 1139 ordo
2340 1109 2374 1139 in
2388 1109 2483 1140 talem

1429 1152 1539 1189 finem;
1564 1160 1599 1184 ut
1622 1160 1706 1193 patet
1728 1153 1760 1183 in
1784 1153 1909 1184 odiente
1936 1153 2040 1183 Deum
2072 1159 2200 1192 propter
2222 1154 2482 1193 consequendum

1430 1207 1572 1236 regnum,
1595 1197 1645 1227 vel
1668 1197 1787 1238 aliquid
1810 1197 2005 1227 huiusmodi.
2029 1197 2090 1227 Sed
2107 1196 2218 1227 dicitur
2232 1196 2264 1226 in
2280 1196 2380 1227 littera
2395 1197 2483 1237 quod

1430 1240 1499 1270 talis
1523 1241 1602 1271 ordo
1627 1251 1689 1271 non
1713 1241 1827 1271 accidit
1850 1242 1995 1271 interiori
2017 1242 2102 1270 actui
2131 1241 2302 1270 voluntatis
2323 1241 2378 1280 qui
2399 1250 2483 1270 com-

1425 1290 1567 1323 paratur
1589 1285 1632 1315 ad
1651 1286 1839 1315 exteriorem
1861 1289 1895 1315 ut
1907 1284 2055 1325 formale
2070 1284 2113 1314 ad
2135 1284 2320 1314 materiale:
2338 1283 2380 1314 ita
2395 1285 2483 1324 quod

1431 1337 1496 1357 non
1520 1328 1608 1358 omni
1633 1329 1714 1358 actui
1737 1328 1876 1358 interiori
1903 1328 2057 1368 denegant
2079 1327 2158 1358 hanc
2185 1327 2481 1363 accidentalitatem‚

1431 1371 1485 1400 sed
1507 1371 1552 1400 illi
1576 1372 1631 1411 qui
1653 1372 1746 1402 habet
1769 1382 1801 1402 se
1825 1373 1864 1402 ad
1887 1372 2070 1402 exteriorem
2094 1378 2130 1402 ut
2152 1370 2293 1401 formale.
2322 1370 2376 1400 Ille
2395 1377 2482 1401 actus

1430 1420 1537 1444 autem
1560 1415 1615 1454 qui
1637 1425 1670 1444 se
1693 1415 1785 1445 habet
1808 1422 1843 1446 ut
1865 1415 2014 1451 formalis,
2040 1422 2076 1445 ut
2097 1415 2160 1445 iam
2180 1414 2422 1445 determinatum
2437 1421 2483 1445 est

1431 1457 1574 1497 superius
1588 1458 1618 1493 *,
1644 1464 1688 1488 est
1712 1465 1798 1488 actus
1826 1459 2001 1498 imperans:
2026 1459 2153 1499 quando
2178 1465 2284 1488 autem
2305 1458 2373 1498 ipse
2396 1464 2483 1488 actus

1430 1500 1558 1531 interior
1581 1502 1750 1531 voluntatis
1770 1502 1931 1532 ordinatur
1953 1502 1992 1532 ad
2015 1503 2112 1532 alium
2128 1501 2234 1538 finem,
2251 1509 2326 1532 tunc
2342 1511 2374 1531 se
2390 1501 2483 1532 habet

1431 1551 1467 1574 ut
1489 1551 1576 1575 actus
1608 1545 1797 1584 imperatus,
1822 1552 1852 1575 et
1873 1545 1906 1575 in
1930 1546 2065 1575 eundem
2097 1545 2205 1575 incidit
2235 1545 2378 1575 ordinem
2409 1553 2483 1575 cum

1431 1595 1501 1618 actu
1519 1588 1672 1618 exteriori.
1688 1589 1812 1618 Habeto
1828 1589 1921 1627 igitur
1936 1595 1966 1619 et
1985 1589 2046 1619 hoc
2062 1599 2134 1628 prae
2154 1589 2262 1623 oculis,
2280 1595 2315 1618 ut
2329 1589 2482 1628 intelligas

1430 1632 1462 1662 in
1485 1632 1547 1662 hoc
1570 1638 1711 1668 tractatu,
1737 1639 1823 1662 actus
1846 1632 2000 1662 interioris
2019 1632 2189 1662 voluntatis
2208 1632 2352 1668 nomine,
2375 1632 2483 1672 ipsum

1431 1686 1495 1706 non
1520 1682 1555 1706 ut
1578 1675 1776 1715 imperatum,
1795 1676 1849 1705 sed
1872 1676 1921 1705 vel
1940 1676 2114 1706 secundum
2131 1686 2172 1711 se,
2192 1676 2241 1705 vel
2260 1675 2481 1715 imperantem:

1430 1719 1474 1749 sic
1498 1719 1582 1749 enim
1607 1727 1714 1750 contra
1738 1719 1921 1749 exteriorem
1945 1719 2153 1759 distinguitur.

1098 1881 1414 1923 ARTICULUS
1444 1881 1708 1922 SEPTIMUS

423 1978 578 2009 UTRUM
602 1975 770 2007 SPECIES
794 1975 913 2013 QUAE
936 1975 1016 2005 EST
1040 1974 1096 2004 EX
1119 1974 1234 2010 FINE,
1260 1972 1573 2004 CONTINEATUR
1597 1973 1674 2003 SUB
1698 1973 1842 2003 SPECIE
1866 1973 1983 2010 QUAE
2006 1973 2086 2003 EST
2109 1973 2166 2003 EX
2189 1972 2388 2009 OBIECTO,

978 2018 1105 2049 SICUT
1128 2018 1206 2048 SUB
1229 2017 1416 2053 GENERE,
1440 2017 1524 2047 VEL
1548 2017 1574 2046 E
1598 2016 1827 2047 CONVERSO

366 2135 411 2150 -»
448 2145 475 2157 f
499 2139 515 2150 r
529 2129 551 2154 D
567 2128 745 2153 SEPT1M1JM
764 2127 817 2152 sxc
837 2126 1075 2151 PROCEmTUR.
1095 2113 1253 2150 Videtur
1272 2113 1376 2162 quod

347 2160 393 2174 '⁸'
447 2159 508 2229 (ᾗῇ
530 2169 674 2218 species
702 2168 878 2205 bonitatis
907 2179 1006 2215 quae
1031 2174 1086 2203 est
1110 2178 1155 2203 ex
1177 2167 1267 2213 fine,
1289 2178 1377 2202 con-

472 2220 690 2263 ‘stineatur
718 2222 787 2267 sub
820 2220 946 2269 specie
979 2219 1154 2256 bonitatis
1189 2230 1287 2267 quae
1322 2225 1378 2254 est

406 2266 519 2309 *Ns
532 2287 576 2312 ex
611 2274 782 2320 obiecto,
813 2274 907 2310 sicut
939 2273 1084 2321 species
1118 2272 1189 2308 sub
1218 2283 1376 2318 genere:

317 2334 411 2376 puta
434 2338 522 2363 cum
541 2327 673 2375 aliquis
696 2327 779 2363 vult
797 2325 910 2362 furari
931 2333 972 2362 ut
991 2325 1054 2362 det
1080 2325 1374 2371 eleemosynam.

317 2382 437 2416 Actus
465 2380 568 2417 enim
595 2380 711 2416 habet
738 2378 904 2427 speciem
929 2391 974 2414 ex
994 2378 1154 2424 obiecto,
1174 2383 1216 2412 ut
1234 2376 1376 2413 dictum

319 2440 375 2470 est
387 2432 419 2470 *.
442 2433 519 2470 Sed
534 2431 767 2481 impossibile
788 2439 843 2468 est
861 2431 967 2479 quod
986 2431 1126 2479 aliquid
1142 2429 1378 2468 contineatur

317 2485 357 2522 in
384 2485 510 2534 aliqua
544 2485 616 2522 alia
652 2485 799 2533 specie,
829 2497 927 2532 quae
961 2485 1032 2520 sub
1064 2482 1216 2532 propria
1252 2482 1376 2530 specie

317 2550 398 2575 non
430 2538 660 2575 continetur:
690 2537 778 2586 quia
811 2537 914 2574 idern
947 2549 1026 2573 non
1062 2543 1187 2584 potest
1220 2547 1301 2571 esse
1339 2536 1377 2571 in

319 2591 477 2628 diversis
505 2591 704 2639 speciebus
732 2603 811 2626 non
839 2589 1072 2626 subalternis.
1103 2590 1204 2635 Ergo
1233 2588 1377 2636 species

319 2656 418 2692 quae
447 2651 503 2680 est
522 2655 568 2680 ex
591 2644 680 2691 fine,
706 2642 917 2679 continetur
944 2643 1014 2679 sub
1044 2641 1168 2689 specie
1198 2652 1296 2687 quae
1322 2647 1378 2676 est

320 2707 366 2733 ex
384 2696 556 2732 obiecto.

373 2760 409 2785 2.
438 2749 680 2795 PRAETEREA,
709 2759 862 2795 semper
888 2747 1020 2783 ultima
1049 2745 1260 2782 differentia
1289 2757 1378 2782 con-

319 2801 435 2838 stituit
475 2801 641 2849 speciem
684 2800 1004 2848 specialissimam.
1048 2799 1125 2835 Sed
1168 2798 1377 2835 differentia

320 2866 418 2902 quae
452 2861 506 2890 est
535 2865 580 2889 ex
606 2853 703 2899 fine,
731 2852 882 2889 videtur
919 2865 1000 2889 esse
1037 2852 1225 2900 posterior
1259 2864 1376 2899 quam

320 2906 528 2943 differentia
557 2918 655 2954 quae
684 2912 739 2941 est
767 2917 811 2941 ex
840 2905 1009 2941 obiecto:
1040 2905 1127 2953 quia
1155 2904 1241 2941 finis
1264 2905 1379 2940 habet

319 2959 505 2996 rationem
534 2956 665 2995 ultimi.
695 2959 797 3005 Ergo
827 2958 971 3005 species
999 2970 1097 3005 quae
1127 2964 1182 2993 est
1210 2969 1254 2992 ex
1282 2957 1375 3003 fine,

321 3012 532 3049 continetur
555 3012 626 3048 sub
651 3010 776 3059 specie
803 3022 900 3059 quae
929 3017 984 3046 est
1012 3022 1058 3046 ex
1086 3009 1252 3056 obiecto,
1282 3009 1378 3045 sicut

320 3065 465 3114 species
493 3064 772 3113 specialissima.

375 3119 408 3154 3.
429 3119 661 3164 PRAETEREA,
684 3123 826 3165 quanto
847 3116 972 3164 aliqua
993 3113 1202 3151 differentia
1221 3121 1277 3150 est
1295 3125 1376 3149 ma—

319 3171 374 3219 gis
402 3170 580 3217 formalis,
601 3177 705 3206 tanto
729 3169 849 3217 magis
868 3175 924 3205 est
943 3167 1134 3216 specialis:
1164 3166 1253 3214 quia
1273 3166 1376 3203 diffe-

319 3223 440 3260 rentia
470 3230 712 3271 comparatur
737 3222 785 3259 ad
818 3234 936 3269 genus
963 3228 1005 3257 ut
1032 3221 1154 3257 forma
1182 3219 1231 3256 ad
1259 3226 1377 3256 mate-

320 3277 427 3314 riam.
458 3276 534 3313 Sed
562 3275 707 3324 species
731 3287 830 3322 quae
859 3282 914 3311 est
937 3286 982 3310 ex
1001 3274 1089 3319 fine,
1111 3280 1166 3310 est
1184 3272 1379 3310 formalior

321 3342 367 3366 ea
403 3342 500 3377 quae
534 3335 590 3365 est
621 3340 665 3365 ex
698 3327 866 3375 obiecto,
895 3335 938 3364 ut
965 3326 1107 3363 dictum
1140 3334 1195 3362 est
1212 3325 1243 3362 ²¹².
1274 3326 1376 3372 Ergo

321 3383 466 3432 species
500 3393 597 3430 quae
627 3388 682 3417 est
716 3392 761 3417 ex
787 3381 885 3427 fine,
916 3379 1125 3417 continetur
1152 3379 1222 3415 sub
1251 3378 1376 3426 specie

321 3447 419 3484 quae
449 3442 505 3472 est
532 3446 576 3471 ex
609 3433 779 3480 obiecto,
809 3432 904 3469 sieut
935 3433 1079 3482 species
1111 3430 1377 3481 specialissima

321 3489 392 3525 sub
421 3499 557 3535 genere
586 3487 814 3523 subalterno.

375 3541 450 3577 SED
479 3551 635 3588 CONTRA,
666 3538 862 3576 cuiuslibet
881 3537 1026 3586 generis
1046 3544 1133 3574 sunt
1152 3535 1376 3574 determina-

1429 2120 1489 2148 tae
1523 2112 1765 2149 differentiae.
1805 2112 1882 2148 Sed
1919 2120 2022 2148 actus
2059 2112 2229 2148 eiusdem
2267 2112 2404 2160 speciei
2438 2125 2483 2149 ex

1429 2173 1534 2213 parte
1563 2165 1719 2211 obiecti,
1747 2172 1872 2212 potest
1900 2165 1948 2201 ad
1980 2165 2146 2201 infinitos
2173 2165 2270 2200 fines
2298 2165 2481 2202 ordinari:

1428 2225 1520 2266 puta
1538 2218 1678 2254 furtum
1704 2217 1752 2253 ad
1775 2217 1920 2253 infinita
1939 2218 2040 2253 bona
2066 2218 2128 2254 vel
2148 2217 2259 2253 mala.
2279 2218 2379 2264 Ergo
2400 2229 2483 2266 spe-

1431 2270 1506 2306 cies
1531 2282 1629 2318 quae
1658 2277 1714 2306 est
1738 2282 1783 2305 ex
1811 2270 1899 2316 fine,
1920 2281 1996 2305 non
2027 2269 2238 2305 continetur
2265 2270 2334 2306 sub
2358 2270 2482 2318 specie

1430 2335 1528 2370 quae
1557 2330 1613 2358 est
1641 2334 1685 2359 ex
1714 2322 1874 2368 obiecto,
1904 2322 1998 2358 sicut
2025 2322 2094 2358 sub
2123 2333 2272 2369 genere.

1483 2377 1707 2412 RESPONDEO
1729 2386 1911 2411 memnon
1943 2374 2047 2423 quod
2076 2374 2266 2411 obiectum
2294 2374 2483 2410 exterioris

1430 2435 1534 2465 actus
1564 2428 1760 2477 dupliciter
1781 2435 1906 2476 potest
1924 2440 1964 2463 se
1983 2427 2123 2463 habere
2142 2427 2191 2463 ad
2211 2427 2327 2463 finem
2347 2427 2483 2463 volun-

1429 2481 1529 2518 tatis:
1550 2494 1628 2517 uno
1643 2482 1774 2527 modo,
1791 2481 1885 2517 sicut
1902 2492 1971 2528 per
1985 2492 2024 2516 se
2044 2480 2257 2516 ordinatum
2277 2479 2326 2516 ad
2344 2479 2481 2527 ipsum,

1430 2534 1524 2570 sicut
1558 2535 1655 2570 bene
1688 2545 1855 2581 pugnare
1891 2545 1960 2581 per
1992 2545 2031 2569 se
2061 2533 2254 2569 ordinatur
2284 2532 2333 2568 ad
2364 2532 2482 2568 victo-

1430 2587 1540 2633 riam3
1562 2587 1634 2623 alio
1654 2586 1785 2632 modo,
1806 2598 1875 2634 per
1893 2585 2077 2631 accidens,
2099 2585 2193 2621 sicut
2211 2585 2382 2633 accipere
2401 2597 2481 2621 rem

1431 2640 1591 2676 alienam
1615 2652 1683 2687 per
1708 2638 1883 2675 accidens
1903 2638 2095 2674 ordinatur
2119 2638 2167 2674 ad
2196 2637 2364 2674 dandum
2386 2638 2481 2674 elee-

1431 2704 1645 2739 mosynam.
1681 2691 1842 2739 Oportet
1868 2699 2014 2738 autern,
2044 2697 2085 2726 ut
2112 2690 2365 2739 Philosophus
2394 2690 2482 2727 dicit

1430 2745 1468 2781 in
1495 2745 1564 2781 VII
1591 2745 1806 2792 Metaphys.
1826 2743 1857 2792 ²¹⁸,
1878 2744 1980 2791 quod
2011 2743 2241 2780 differentiae
2271 2743 2481 2780 dividentes

1431 2797 1584 2846 aliquod
1612 2809 1741 2844 genus,
1771 2804 1808 2832 et
1835 2797 2101 2832 constituentes
2121 2796 2286 2845 speciem
2306 2795 2399 2832 illius
2418 2808 2480 2843 ge-

1431 2850 1546 2896 neris,
1576 2862 1645 2897 per
1673 2862 1711 2886 se
1741 2849 1910 2885 dividant
1942 2849 2041 2885 illud.
2069 2848 2108 2885 Si
2136 2856 2263 2885 autem
2290 2855 2359 2896 p‘er
2385 2848 2480 2884 acci-

1432 2903 1544 2950 dens,
1574 2914 1652 2938 non
1685 2909 1785 2938 recte
1816 2901 1986 2950 procedit
2022 2901 2178 2938 divisio:
2205 2908 2296 2949 puta
2328 2901 2358 2937 si
2397 2901 2480 2949 quis

1432 2956 1548 3002 dicat,
1577 2955 1810 2991 Animalium
1841 2955 1946 2990 aliud
1975 2953 2176 2999 rationale,
2205 2953 2310 2989 aliud
2334 2954 2481 2990 irratio-

1430 3009 1537 3053 nale;
1563 3013 1599 3043 et
1625 3007 1845 3044 animalium
1879 3006 2152 3043 irrationalium
2184 3006 2289 3042 aliud
2317 3006 2479 3052 alatum,

1430 3061 1534 3097 aliud
1567 3069 1657 3096 non'
1679 3060 1842 3096 alatum:
1869 3059 2009 3095 alatum
2040 3058 2140 3095 enirn
2178 3065 2215 3094 et
2241 3070 2315 3095 non
2339 3059 2480 3095 alatum

1430 3125 1507 3149 non
1536 3120 1622 3149 sunt
1648 3124 1717 3160 per
1744 3123 1784 3148 se
1812 3111 2098 3148 determinativa
2127 3111 2206 3147 eius
2234 3111 2338 3159 quod
2359 3119 2414 3147 est
2432 3112 2482 3147 ir-

1430 3165 1621 3202 rationale.
1643 3165 1803 3212 Oportet
1823 3171 1949 3200 autem
1969 3163 2021 3200 sic
2041 3163 2229 3200 dividere:
2248 3164 2480 3200 Animalium

2512 380 2524 391 ⁸
2538 380 2563 402 In
2575 386 2682 408 corpore3
2698 386 2723 403 et

2513 412 2551 434 qu.
2565 413 2580 434 ι,
2595 411 2637 429 art.
2648 414 2664 434 1,
2678 414 2700 435 3.

2509 1460 2518 1469 ·
2529 1459 2636 1487 Quavu,
2645 1464 2686 1482 art.
2693 1468 2718 1487 4.

2506 2752 2518 2762 ⁸
2527 2752 2551 2773 S.
2560 2751 2604 2773 Th.
2612 2753 2662 2773 lect·
2671 2755 2716 2771 ΧΠ.

2507 2778 2715 2804 -Did.1ib.vl,cap.

2506 2810 2547 2829 ιιι,
2562 2811 2585 2825 n.
2599 2811 2619 2832 5.

1430 3218 1534 3255 aliud
1562 3218 1702 3254 habens
1727 3217 1858 3265 pedes,
1887 3216 1991 3253 aliud
2016 3229 2090 3253 non
2125 3217 2264 3253 habens
2284 3217 2420 3264 pedes;
2447 3222 2484 3252 et
2507 3225 2513 3228 ·

1429 3271 1642 3308 habentium
1664 3270 1789 3317 pedes,
1814 3269 1919 3306 aliud
1934 3270 2045 3306 habet
2061 3270 2165 3315 duos,
2186 3269 2290 3305 aliud
2307 3274 2478 3317 quatuor,

1430 3324 1535 3361 aliud
1552 3323 1707 3359 multos.-
1730 3323 1824 3358 haec
1843 3321 1945 3359 enim
1964 3334 2033 3370 per
2051 3334 2091 3358 se
2111 3321 2361 3358 determinant
2378 3321 2477 3369 prio-

1431 3389 1511 3413 rem
1532 3375 1792 3412 differentiam.
2331 3390 2333 3392 ·

1485 3429 1547 3465 Sic
1566 3428 1675 3476 igitur
1694 3428 1847 3476 quando
1869 3426 2058 3463 obiectum
2078 3438 2155 3463 non
2176 3433 2231 3462 est
2256 3437 2325 3473 per
2352 3437 2392 3462 se
2421 3437 2480 3462 or-

1432 3481 1601 3519 dinatum
1630 3481 1679 3517 ad
1703 3481 1834 3527 finem,
1862 3479 2071 3516 differentia
2099 3478 2274 3527 specifica
2299 3489 2395 3526 quae
2425 3485 2481 3514 est

1432 3547 1477 3571 ex
1514 3534 1683 3580 obiecto,
1713 3546 1791 3570 non
1820 3540 1875 3569 est
1906 3545 1974 3581 per
2001 3545 2041 3568 se
2079 3530 2363 3568 determinativa
2400 3530 2480 3567 eius
