2852 4152
110 274 117 283 ¹
133 273 167 295 cf.
183 278 246 294 num.
257 278 279 293 11.

105 1011 114 1019 ·
132 1010 168 1031 De
187 1010 238 1031 Pot.
252 1010 312 1036 Dei,

103 1042 143 1063 qu.
157 1042 180 1063 v,
195 1039 237 1058 art.
252 1036 274 1057 8.

101 2509 110 2517 ·
130 2507 217 2529 Homil.
234 2506 311 2528 XXVI

98 2533 122 2555 in
137 2533 222 2561 Evang.

198 2605 214 2621 α

101 3029 110 3038 ·
122 3027 157 3049 Cf.
167 3027 239 3048 Arist.
251 3027 285 3048 Ph
303 3038 313 3042 -

102 3054 157 3081 sic„
180 3054 221 3076 lib.
244 3053 276 3074 vx
307 3070 312 3080 ‚

102 3086 250 3128 ἓῗρτέἷῑίεὲἔῑ
261 3086 317 3127 2135.-

348 193 396 237 34

399 269 449 299 1V.
474 268 525 298 Ad
548 267 683 307 primam
707 266 801 305 igitur
830 265 1011 296 instantiam
1033 265 1051 284 *
1074 276 1139 296 non
1168 273 1294 306 oportet
1317 266 1405 296 aliter
1429 265 1431 302 1

345 312 551 353 respondere:
576 310 650 351 quia
674 309 772 340 horno
793 319 857 339 non
878 309 937 339 nisi
953 310 1129 340 secundum
1152 310 1230 350 quid
1245 309 1404 349 perficitur

345 357 382 386 ab
405 357 477 396 igne
501 362 530 386 et
553 354 717 385 similibus.

398 400 449 430 Ad
472 399 648 430 secundum
671 404 787 433 autem,
813 397 850 426 de
875 406 978 431 sensu,
996 397 1107 427 dicitur
1123 397 1211 437 quod
1235 406 1283 426 res
1308 396 1403 426 sensi-

343 444 420 475 biles
444 443 510 474 sine
527 442 623 473 dubio
639 448 712 472 sunt
728 440 889 470 inferiores
905 441 1065 470 sensibus:
1090 440 1198 470 vivens
1215 441 1299 470 enim
1315 450 1402 480 prae-

344 487 475 519 stantius
500 493 545 517 est
568 496 633 516 non
657 485 789 520 vivente,
813 484 980 524 praecipue
1003 484 1036 514 in
1059 491 1124 514 tam
1148 484 1212 514 alto
1236 484 1335 523 gradu
1356 484 1401 514 vi-

343 532 397 563 tali
421 530 638 561 constitutum.
671 529 733 559 Sed
763 528 953 568 inquantum
986 534 1059 558 sunt
1082 527 1269 567 perfectivae
1293 538 1402 558 sensus

343 582 378 606 ut
402 575 461 611 sic,
485 573 672 614 participant
704 572 899 612 superiorem
922 578 1068 602 naturam
1091 581 1189 612 quam
1212 572 1251 601 sit
1274 580 1400 602 sensus:

343 619 495 659 quoniam
518 617 550 647 in
574 617 617 647 eis
642 622 687 646 est
710 615 905 655 participatio
937 615 1041 655 aliqua
1070 614 1314 645 substantiarum
1342 615 1401 645 im-

343 662 551 693 materialium
575 670 652 701 quas
672 659 799 698 angelos
824 658 967 689 dicimus.
993 659 1073 689 Sunt
1093 659 1177 689 enim
1196 659 1400 698 productivae

343 706 519 746 specierum
541 704 607 734 sine
631 703 768 738 materia,
794 712 930 742 quarum
949 709 995 732 est
1011 702 1206 743 susceptivus
1231 712 1350 739 sensus,
1371 710 1402 733 et

342 751 374 780 in
399 759 507 780 earum
531 747 729 787 susceptione
750 745 908 786 perficitur
932 746 1122 786 simpliciter.
1147 746 1281 785 Signum
1304 746 1399 776 huius

343 800 388 824 est
412 793 527 823 modus
551 791 681 831 agendi:
707 800 781 820 curn
804 789 888 819 enim
913 791 1029 820 modus
1049 790 1160 830 agendi
1177 800 1348 831 corporum
1365 797 1400 821 ut

342 838 395 874 sic,
415 837 454 867 sit
473 843 508 866 ut
531 841 679 865 moveant
702 839 789 863 mota
800 842 807 869 ;
832 833 1080 872 incorporalium
1096 841 1202 864 autem
1217 834 1257 864 sit
1271 843 1399 863 movere

343 891 408 911 non
432 887 535 915 mota;
561 889 597 909 ex
611 879 672 908 hoc
687 877 757 917 ipso
782 877 870 916 quod
886 877 1042 907 sensibilia
1065 877 1097 907 in
1121 876 1311 917 perficiendo
1329 887 1400 907 sen-

343 934 395 954 sus
423 929 553 960 movent
576 932 641 952 non
665 928 766 957 mota,
791 920 968 951 insinuatur
996 921 1082 961 quod
1112 921 1143 951 in
1167 921 1228 951 hoc
1252 928 1398 951 naturam

342 968 536 1008 superiorem
559 973 670 996 natura
693 974 843 1004 corporea
859 964 1056 1005 participant.
1077 965 1118 995 Et
1133 965 1194 995 hoc
1210 965 1273 994 iam
1291 964 1400 1001 docuit

341 1015 461 1042 Auctor
484 1009 556 1040 alibi
572 1009 600 1040 ἦ
618 1009 684 1039 Stat
707 1018 781 1047 ergo
805 1008 907 1038 solida
922 1008 1060 1038 maxima
1082 1009 1145 1044 illa,
1163 1018 1260 1048 quam
1275 1017 1399 1048 semper

341 1055 474 1091 notabis,
491 1054 516 1084 si
539 1053 585 1083 vis
609 1059 690 1083 recte
706 1052 940 1092 philosophari;
964 1059 994 1083 et
1011 1052 1131 1082 videbis
1145 1051 1322 1082 voluntarie
1337 1052 1399 1082 dici

341 1099 430 1140 quod
451 1097 530 1137 lapis
553 1103 658 1137 potest
681 1095 827 1136 perficere
853 1095 1048 1127 intellectum
1077 1102 1265 1135 separatum,
1283 1102 1313 1125 et
1339 1095 1399 1124 alia

340 1141 524 1173 huiusmodi
548 1147 691 1170 extranea
714 1150 732 1169 a
754 1149 825 1169 vera
848 1140 968 1170 ratione
991 1139 1221 1179 philosophiae.

395 1187 432 1216 V.
458 1186 492 1215 In
516 1185 630 1215 eodem
653 1190 739 1214 sexto
763 1183 895 1213 articulo
916 1183 1049 1213 dubium
1069 1182 1204 1212 occurrit
1227 1191 1398 1211 commune

341 1237 437 1265 sexto,
454 1229 590 1269 septimo
614 1234 644 1258 et
659 1234 771 1257 octavo
795 1227 936 1262 articulo,
955 1226 1034 1256 circa
1057 1235 1242 1265 processum
1260 1225 1397 1255 litterae:

340 1273 494 1314 quoniam
518 1272 636 1312 digredi
659 1271 782 1301 videtur
800 1281 818 1300 a
841 1270 977 1310 perfecta
994 1269 1185 1300 beatitudine
1201 1269 1398 1308 simpliciter,

340 1319 379 1348 ad
394 1317 564 1357 perfectam
575 1314 802 1346 beatitudinem
813 1314 962 1344 hominis.
976 1313 1063 1344 Licet
1075 1313 1160 1343 enim
1174 1312 1311 1352 perfecta
1327 1313 1398 1343 bea-

339 1362 442 1392 titudo
458 1360 640 1400 simpliciter
654 1358 804 1388 consistat
814 1357 847 1387 in
863 1367 1011 1397 suprema
1024 1356 1248 1388 coniunctione
1260 1357 1300 1386 ad
1313 1367 1398 1387 sum-

340 1415 431 1435 mum
454 1403 650 1443 simpliciter;
668 1401 804 1442 perfecta
820 1407 926 1432 tamen
943 1401 1106 1432 beatitudo
1123 1400 1192 1431 talis
1212 1400 1256 1431 rei
1271 1400 1399 1431 infimae

340 1449 440 1489 qualis
454 1455 499 1478 est
511 1447 620 1482 homo,
634 1445 775 1476 consistit
786 1445 819 1475 in
832 1445 1056 1476 coniunctione
1071 1445 1307 1485 qualicumque,
1320 1444 1400 1475 idest

341 1492 398 1522 sibi
421 1491 669 1531 proportionata,
687 1490 726 1519 ad
746 1499 920 1520 summurn.
936 1490 977 1520 Et
994 1490 1038 1520 sic
1055 1490 1208 1519 diceretur
1223 1489 1311 1528 quod
1328 1489 1399 1518 bea-

339 1536 441 1566 titudo
466 1534 604 1565 hominis
637 1533 779 1564 consistit
800 1533 832 1563 in
859 1533 914 1564 illa
944 1533 1124 1573 cogni-tione
1147 1532 1207 1563 Dei
1237 1542 1334 1572 quam
1363 1543 1399 1562 ex

339 1579 537 1610 sensibilibus
560 1578 674 1608 habere
697 1584 811 1617 potest,
836 1577 911 1617 quia
934 1577 992 1608 ista
1008 1583 1054 1608 est
1073 1577 1131 1607 sibi
1146 1576 1397 1617 proportionata.

338 1624 404 1654 Nee
427 1629 552 1663 oportet
580 1622 667 1663 quod
691 1631 787 1652 omne
810 1631 866 1661 per
889 1621 974 1652 aliud
1003 1621 1171 1651 reducatur
1193 1621 1232 1650 ad
1253 1619 1286 1649 id
1309 1620 1398 1660 quod

340 1674 385 1698 est
408 1677 463 1706 per
486 1676 518 1697 se
541 1666 574 1696 in
598 1666 728 1701 eodem;
753 1665 807 1695 sed
831 1664 947 1695 sufficit
969 1665 1058 1706 quod
1080 1665 1112 1694 in
1136 1671 1202 1694 tota
1234 1663 1398 1694 latitudine

339 1711 400 1747 illa,
426 1717 502 1751 puta
526 1709 734 1745 beatitudinis,
752 1716 787 1739 ut
809 1709 924 1740 scilicet
943 1709 1037 1739 beans
1057 1719 1112 1748 per
1130 1708 1216 1738 aliud
1232 1708 1399 1738 reducatur

339 1756 378 1785 ad
401 1755 496 1785 beans
520 1764 575 1794 per
598 1764 640 1783 se.
671 1753 731 1783 Sed
755 1762 819 1783 non
844 1759 971 1793 oportet
997 1753 1086 1793 quod
1109 1753 1204 1782 beans
1234 1761 1290 1791 per
1312 1751 1397 1781 aliud

338 1799 515 1835 hominem,
538 1798 704 1828 reducatur
727 1797 767 1827 ad
786 1797 880 1827 beans
897 1806 953 1837 per
967 1807 1000 1827 se
1016 1796 1191 1832 hominem,
1207 1796 1282 1836 quia
1297 1795 1397 1826 homo

339 1849 385 1873 est
409 1841 477 1873 talis
500 1842 614 1882 gradus
637 1840 748 1872 infimi.

1046 188 1311 234 QUAESTIO
1341 189 1407 234 III,
1437 189 1732 225 ARTICULUS
1760 188 1827 224 VII

1513 266 1564 296 VI.
1589 266 1639 296 Ad
1662 265 1724 295 hoc
1747 265 1861 295 dicitur
1883 266 1972 306 quod
1995 267 2034 296 de
2056 267 2188 298 homine
2217 267 2382 307 dupliciter
2404 278 2517 308 possu-

1457 318 1529 339 mus
1552 309 1651 349 loqui.
1674 308 1791 344 Primo,
1809 309 1984 341 secundum
2003 310 2035 341 id
2058 312 2147 352 quod
2171 321 2207 342 ex
2226 318 2337 342 natura
2352 322 2409 342 sua
2425 319 2517 343 natus

1457 359 1503 383 est
1526 352 1694 393 acquirere.
1723 352 1763 382 Et
1786 351 1830 382 sic
1840 349 1967 392 “procuI
1995 352 2093 384 dubio
2125 355 2294 385 dicendum
2318 363 2398 388 esset
2428 357 2517 397 quod

1456 395 1571 426 sufficit
1598 406 1657 426 nos
1686 405 1752 425 esse
1781 396 1889 426 beatos
1913 401 1948 427 ut
1976 397 2134 436 homines,
2160 408 2226 428 non
2256 399 2456 439 simpliciter,
2481 406 2517 430 ut

1457 439 1570 470 dicitur
1594 440 1605 469 I
1629 440 1731 469 Ethic.
1748 438 1781 468 *:
1806 440 1894 479 quod
1918 441 2060 472 consistit
2082 441 2114 471 in
2134 442 2315 481 cognitione
2339 443 2397 474 Dei
2418 453 2516 483 quarn

1455 482 1524 519 hic,
1550 490 1580 513 et
1608 483 1661 513 illa
1693 492 1791 523 quam
1818 482 1852 512 in
1883 483 1988 514 anima
2018 492 2159 525 separata
2191 486 2372 517 naturaliter
2402 487 2516 517 habere

1455 536 1638 566 possumus.
1662 526 1736 556 Alio
1761 526 1878 564 mode,
1902 529 2080 559 secundum
2106 529 2139 559 id
2161 530 2201 559 ad
2224 530 2313 570 quod
2336 531 2436 561 homo
2469 538 2516 561 est

1455 570 1605 600 divinitus
1628 570 1799 600 institutus.
1817 570 1858 600 Et
1880 570 1934 608 sic,
1951 572 2026 612 quia
2049 572 2149 603 factus
2165 579 2211 604 est
2227 580 2262 604 ut
2276 584 2442 605 summum
2457 575 2514 604 bo-

1455 623 1534 643 num
1558 613 1743 653 intelligeret
1759 620 1827 650 etc„
1846 614 2008 646 ordinatus
2032 623 2078 646 est
2101 617 2140 646 ad
2163 617 2390 648 beatitudinem
2413 618 2514 657 perfe-

1455 664 1538 688 ctam
1562 657 1751 697 simpliciter.
1777 657 1818 688 Et
1839 658 1915 698 quia
1938 659 1981 689 sic
2005 659 2181 690 considerat
2203 660 2369 692 hominem
2392 662 2513 692 theolo-

1454 711 1522 740 gus,
1548 700 1623 740 quia
1645 701 1678 730 in
1702 701 1812 731 ordine
1836 702 1875 731 ad
1891 702 1996 732 Deum
2011 703 2183 734 revelatum
2200 705 2376 736 considerat
2390 706 2512 742 omnia,

1453 744 1525 774 ideo
1550 745 1636 774 nulla
1660 744 1810 783 digressio
1828 746 1920 775 estin
1939 746 2050 777 littera.
2075 748 2116 777 Et
2131 748 2209 778 ratio
2234 748 2341 779 efficax
2361 756 2408 780 est
2425 749 2515 790 quod

1447 798 1510 828 per
1532 789 1622 819 aliud
1645 789 1861 818 reducendum
1886 795 1932 819 est
1955 790 1995 819 ad
2011 800 2075 830 per
2097 801 2147 828 se,
2173 792 2267 822 etiam
2290 800 2432 832 respectu
2455 794 2513 824 ho-

1453 832 1563 862 minis:
1588 832 1663 872 quia
1685 832 1785 862 homo
1810 839 1856 862 est
1878 832 1962 863 infra
1984 833 2184 865 latitudinem
2200 836 2365 876 capacium
2381 837 2513 868 beatitu-

1452 875 1533 905 dinis
1556 886 1611 915 per
1634 886 1667 906 se
1691 882 1721 906 et
1743 875 1907 916 perfectae.
1950 914 1952 916 ,

1506 919 1572 950 VII.
1591 920 1625 949 ln
1649 920 1763 950 eodem
1778 926 1864 950 sexto
1882 920 2024 956 articulo,
2043 927 2118 950 nota
2141 922 2230 962 quod
2248 929 2334 954 tanta
2357 931 2403 955 est
2430 924 2515 955 diffe-

1453 963 1551 992 rentia
1573 963 1654 993 inter
1677 963 1838 994 obiectum
1862 974 1918 1003 per
1940 974 1972 994 se
1992 971 2023 994 et
2036 974 2092 1003 per
2111 964 2206 1001 aliud,
2224 967 2322 1006 quod,
2340 967 2412 999 licet
2427 968 2514 999 Deus

1453 1013 1483 1036 et
1506 1006 1697 1037 substantiae
1727 1014 1886 1046 separatae
1914 1017 1970 1047 per
1997 1007 2154 1038 sensibilia
2177 1009 2222 1039 sic
2244 1019 2262 1039 a
2284 1011 2376 1041 nobis
2399 1012 2514 1042 intelli-

1453 1056 1566 1088 gantur
1595 1050 1684 1080 utin
1712 1050 1896 1080 huiusmodi
1926 1051 2193 1091 contemplatione
2221 1053 2351 1084 felicitas
2381 1056 2420 1087 ab
2443 1056 2514 1086 ΑΠ’-

1453 1093 1563 1123 stotele
1585 1093 1602 1111 *
1625 1092 1719 1123 fuerit
1741 1094 1860 1133 posita;
1885 1095 1960 1135 quia
1983 1101 2088 1125 tamen
2119 1105 2186 1126 non
2215 1104 2290 1128 sunt
2312 1098 2434 1130 obiecta
2457 1109 2515 1130 nec

1451 1136 1607 1166 intellecta
1631 1146 1649 1166 a
1672 1137 1764 1167 nobis
1794 1137 1845 1168 hic
1873 1137 1932 1168 nisi
1961 1148 2018 1179 per
2040 1139 2142 1175 aliud,
2167 1138 2284 1171 scilicet
2310 1151 2366 1181 per
2396 1143 2514 1182 species

1453 1179 1658 1216 sensibilium,
1682 1180 1754 1211 ideo
1779 1181 1844 1211 duo
1863 1181 1896 1211 in
1919 1181 2020 1225 littera
2044 1183 2293 1220 concluduntur;
2310 1191 2341 1215 et
2356 1185 2445 1225 quod
2462 1196 2514 1216 co-

1452 1223 1552 1263 gnitio
1576 1230 1683 1254 nostra
1706 1235 1772 1255 non
1795 1226 1986 1256 transcendit
2013 1233 2112 1257 metas
2135 1227 2348 1264 sensibilium;
2373 1235 2404 1259 et
2426 1230 2515 1270 quod

1453 1278 1519 1298 non
1542 1274 1647 1307 potest
1669 1278 1736 1299 esse
1765 1268 1904 1306 felicitas,
1921 1279 2004 1310 quae
2026 1270 2168 1301 consistit
2189 1271 2223 1301 in
2246 1273 2514 1312 contemplatione

1452 1311 1584 1342 alicuius
1608 1312 1794 1351 superioris,
1819 1313 1935 1344 scilicet
1959 1321 1995 1344 ut
2017 1315 2072 1354 p‘er
2095 1324 2128 1344 se
2151 1315 2276 1346 obiecti.
2300 1317 2342 1347 Et
2363 1316 2426 1348 hoc
2447 1327 2514 1349 ma-

1453 1355 1564 1386 nifeste
1594 1356 1736 1396 sequitur
1758 1357 1799 1387 ad
1820 1357 1971 1397 primum.
2001 1358 2099 1395 Quod
2122 1358 2194 1390 ideo
2217 1369 2328 1390 verum
2352 1367 2414 1397 est,
2439 1361 2515 1402 quia

1453 1399 1610 1440 quidquid
1643 1400 1865 1440 cognoscimus
1894 1402 1932 1431 de
1962 1402 2194 1442 superioribus,
2219 1404 2444 1443 cognoscimus
2465 1405 2513 1435 in-

1453 1450 1610 1483 quantum
1633 1453 1690 1483 per
1711 1444 1868 1475 sensibilia
1890 1452 2129 1485 praesentantur
2151 1455 2207 1486 per
2225 1447 2309 1477 viam
2333 1448 2512 1488 dependen-

1452 1487 1523 1523 tiae,
1547 1487 1598 1517 vel
1620 1487 1850 1524 similitudinis,
1873 1489 1924 1519 vel
1953 1489 2128 1528 negationis
2151 1499 2207 1520 seu
2231 1491 2460 1530 oppositionis,
2483 1499 2514 1524 et

1453 1531 1657 1561 huiusmodi:
1682 1532 1771 1572 quod
1794 1532 1872 1563 nihil
1895 1532 1981 1563 aliud
1997 1540 2043 1564 est
2058 1543 2157 1573 quam
2172 1534 2314 1574 perfecte>
2324 1544 2513 1575 cognoscere

1454 1574 1611 1605 sensibilia
1626 1575 1794 1615 perfectiva
1809 1576 1908 1606 nostri
1923 1576 2109 1607 intellectus.
2131 1577 2212 1608 Sunt
2226 1578 2312 1608 enim
2327 1578 2515 1611 huiusmodi

1455 1618 1678 1658 cognoscibilia
1700 1619 1734 1649 in
1757 1620 1871 1650 nostris
1889 1620 2028 1656 obiectis,
2047 1621 2135 1651 velut
2158 1621 2284 1652 effectus
2306 1622 2340 1652 in
2363 1623 2466 1654 causis
2479 1624 2514 1655 in

1454 1663 1693 1702 cognoscendO,
1719 1663 1804 1703 apud
1834 1673 1903 1694 nos.
1928 1664 2060 1704 Propter
2087 1665 2176 1705 quod
2208 1665 2364 1705 sapienter
2387 1674 2514 1699 censent

1453 1706 1509 1746 qui
1532 1706 1642 1736 dicunt
1667 1717 1727 1737 nos
1750 1717 1806 1747 per
1829 1707 1971 1738 studium
1994 1718 2161 1749 nunquam
2185 1718 2376 1748 cognoscere
2399 1711 2438 1740 de
2461 1717 2513 1742 su-

1453 1750 1628 1790 perioribus
1658 1751 1718 1781 nisi
1741 1753 1816 1791 quia
1839 1756 1905 1782 est:
1928 1752 2067 1792 cognitio
2098 1761 2237 1794 namque
2268 1754 2306 1784 ab
2329 1753 2457 1792 effectu,
2482 1761 2515 1786 et

1452 1800 1649 1825 remotorum
1673 1801 1727 1826 est.
2496 1806 2498 1810 ·

1516 1914 1569 1921 Μ

1116 1971 1432 2027 ARTICULUS
1463 1983 1728 2025 SEPTIMUS

525 2077 679 2108 UTRUM
702 2075 954 2106 BEATITUDO
979 2074 1220 2106 CONSISTAT
1245 2075 1288 2104 IN
1312 2074 1582 2105 COGNITIONE
1606 2074 1968 2106 SUBSTANTIARUM
1991 2076 2324 2114 SEPARATARUM,

1179 2118 1375 2149 SCILICET
1398 2118 1672 2150 ANGELORUM

678 2198 745 2222 Part.
764 2198 781 2227 Ι,
802 2205 846 2229 qu.
866 2205 931 2228 muv,
951 2201 998 2222 art.
1015 2205 1034 2227 1,
1053 2197 1085 2221 ad
1108 2203 1135 2227 13
1155 2197 1187 2220 111
1209 2197 1284 2221 Cont.
1306 2197 1384 2221 Gent.
1404 2204 1459 2228 cap.
1477 2203 1548 2226 11.er
1568 2197 1598 2220 In
1617 2197 1692 2222 Boet.
1711 2197 1744 2221 de
1766 2197 1849 2227 Trin„
1870 2205 1914 2230 qu.
1933 2205 1967 2227 vr,
1987 2203 2033 2223 art.
2051 2205 2077 2229 4,
2097 2198 2128 2223 ad
2148 2197 2173 2223 3.

457 2325 465 2340 ,ἵ
487 2314 496 2321 f
549 2298 571 2322 D
591 2297 770 2322 SEPTIMUM
790 2297 842 2322 S1c
859 2296 1097 2322 PROCEDITUR.
1118 2284 1276 2321 Videtur
1290 2286 1395 2334 quod

484 2338 529 2386 ,ᾗ
549 2338 740 2375 beatitudo
778 2338 943 2375 hominis
982 2337 1160 2374 consistat
1195 2337 1233 2374 in
1269 2339 1395 2386 cogni-

338 2549 543 2596 hominum,
572 2550 606 2586 si
631 2561 705 2586 non
734 2549 928 2598 contingat
954 2549 1126 2586 interesse
1141 2549 1253 2597 festis
1279 2561 1396 2599 ange-

338 2601 480 2646 lorum;
498 2614 567 2650 per
585 2602 690 2651 quod
706 2607 723 2623 α
741 2602 896 2640 finalem
917 2602 1189 2638 beatitudinem
1214 2601 1394 2650 designat.

340 2654 416 2691 Sed
444 2654 545 2691 festis
573 2656 796 2702 angelorum
822 2654 1001 2692 interesse
1021 2663 1227 2703 possumus
1245 2667 1314 2703 per
1334 2668 1397 2692 eo-

338 2720 424 2745 rum
445 2708 816 2756 contemplationem.
838 2708 939 2755 Ergo
954 2707 1106 2744 videtur
1125 2707 1230 2756 quod
1249 2708 1288 2744 in
1308 2720 1396 2745 con-

338 2761 583 2810 templatione
613 2761 834 2808 angelorum
860 2760 990 2797 ultima
1016 2760 1182 2797 hominis
1202 2761 1396 2798 beatitudo

340 2813 526 2850 consistat.

393 2878 427 2903 2.
457 2867 700 2913 PRAETEREA,
730 2865 861 2902 ultima
889 2865 1069 2914 perfectio
1098 2865 1397 2914 uniuscuiusque

339 2918 391 2955 rei
430 2926 485 2955 est
517 2926 559 2955 ut
593 2919 842 2966 coniungatur
874 2930 943 2955 suo
976 2917 1188 2967 principio:
1226 2917 1328 2955 unde
1363 2926 1398 2955 et

340 2971 500 3007 circulus
529 2971 662 3008 dicitur
690 2984 772 3008 esse
801 2971 923 3018 figura
954 2971 1138 3020 perfecta,
1169 2970 1256 3020 quia
1282 2971 1398 3008 habet

339 3023 442 3060 idem
467 3023 693 3071 principium
723 3032 758 3060 et
785 3024 903 3060 finem
922 3023 953 3060 *.
984 3023 1062 3061 Sed
1089 3023 1316 3072 principium
1337 3036 1399 3060 co-

340 3076 515 3124 gnitionis
534 3077 727 3112 humanae
747 3084 802 3112 est
831 3077 878 3113 ab
907 3076 997 3125 ipsis
1016 3077 1175 3124 angelis,
1203 3089 1273 3126 per
1301 3088 1399 3124 quos

340 3129 516 3165 homines
544 3128 811 3175 illuminantur,
841 3137 881 3165 ut
909 3129 997 3166 dicit
1020 3129 1239 3178 Dionysius,
1261 3141 1296 3166 1v
1315 3142 1398 3178 cap.

346 3181 445 3218 Cael.
465 3181 576 3217 Hier.
606 3182 708 3228 Ergo
729 3181 908 3229 perfectio
929 3182 1087 3219 humani
1115 3182 1324 3219 intellectus
1345 3189 1400 3219 est

340 3234 378 3271 in
407 3234 726 3282 contemplatione
755 3235 990 3281 angelorum.

396 3288 429 3323 3.
459 3287 690 3333 PRAETEREA,
720 3299 974 3336 unaquaeque
994 3294 1128 3323 natura
1147 3287 1313 3335 perfecta
1333 3294 1399 3334 est,

342 3339 494 3387 quando
529 3339 768 3387 coniungitur
804 3339 990 3388 superiori
1018 3347 1194 3376 naturae:
1224 3339 1319 3376 sicut
1346 3340 1400 3376 ul-

341 3392 430 3428 tima
456 3392 636 3441 perfectio
667 3392 834 3441 corporis
860 3399 916 3429 est
942 3399 983 3428 ut
1012 3392 1262 3441 coniungatur
1294 3399 1400 3429 natu-

1450 2296 1513 2320 rae
1547 2284 1738 2333 spirituali.
1769 2285 1845 2321 Sed
1873 2297 1987 2334 supra
2019 2285 2249 2323 intellectum
2283 2287 2510 2336 humanum,

1450 2336 1582 2374 ordine
1602 2344 1769 2385 naturae,
1791 2345 1877 2374 sunt
1896 2338 2028 2386 angeli.
2059 2339 2162 2386 Ergo
2181 2339 2312 2377 ultima
2330 2341 2510 2389 perfectio

1450 2389 1657 2426 intellectus
1690 2390 1848 2427 humani
1878 2399 1932 2428 est
1963 2399 2005 2427 ut
2037 2391 2286 2440 coniungatur
2319 2405 2390 2442 per
2418 2405 2508 2431 con-

1452 2442 1739 2491 templationem
1766 2443 1857 2491 ipsis
1885 2444 2040 2491 angelis.
2242 2474 2243 2477 η

1505 2496 1579 2532 SED
1600 2507 1745 2532 CONTRA
1763 2507 1829 2532 EST
1851 2496 1958 2544 quod
1978 2496 2110 2533 dicitur
2125 2498 2256 2534 ierem.
2269 2499 2353 2535 ix*:
2374 2500 2420 2535 In
2439 2500 2510 2536 hoc

1449 2547 1634 2597 glorietur
1661 2548 1725 2596 qui
1750 2548 1956 2598 gloriatur,
1984 2550 2081 2586 scire
2107 2555 2144 2586 et
2169 2562 2276 2587 nosse
2306 2563 2378 2593 me.
2408 2552 2509 2599 Ergo

1450 2600 1582 2638 ultima
1601 2600 1766 2638 hominis
1786 2601 1914 2650 gloria,
1934 2603 1997 2639 vel
2016 2602 2221 2651 beatitudo,
2242 2615 2321 2641 non
2342 2603 2511 2642 consistit

1450 2653 1520 2691 nisi
1547 2654 1585 2690 in
1615 2653 1827 2702 cognitione
1855 2654 1939 2692 Dei.

1503 2707 1728 2744 Rsssponmzo
1753 2719 1936 2745 memnon
1964 2707 2080 2756 quod,
2110 2708 2205 2745 sicut
2232 2708 2375 2746 dictum
2405 2717 2461 2747 est
2477 2709 2510 2758 *,

1450 2759 1616 2807 perfecta
1650 2759 1816 2796 hominis
1851 2760 2044 2810 beatitudo
2073 2773 2152 2798 non
2188 2761 2356 2799 consistit
2391 2762 2430 2799 in
2462 2774 2511 2799 eo

1451 2812 1557 2860 quod
1586 2819 1641 2849 est
1667 2812 1846 2860 perfectio
1875 2813 2084 2850 intellectus
2112 2814 2325 2851 secundum
2359 2815 2512 2852 alicuius

1451 2864 1797 2914 participationem,
1827 2866 1894 2903 sed
1922 2866 1960 2902 in
1991 2878 2036 2902 eo
2066 2866 2170 2915 quod
2199 2874 2255 2904 est
2290 2879 2359 2916 per
2386 2879 2511 2905 essen-

1452 2917 1543 2954 tiam
1572 2918 1656 2955 tale.
1691 2917 1935 2955 Manifestum
1977 2927 2032 2956 est
2069 2926 2195 2957 autem
2234 2920 2340 2968 quod
2373 2932 2512 2958 unum-

1452 2970 1634 3019 quodque
1653 2970 1840 3008 intantum
1860 2979 1916 3008 est
1934 2972 2113 3020 perfectio
2133 2972 2288 3009 alicuius
2307 2973 2510 3022 potentiae,

1452 3023 1678 3070 inquantum
1708 3023 1756 3060 ad
1776 3024 1902 3072 ipsum
1919 3024 2082 3073 pertinet
2100 3025 2193 3062 ratio
2212 3025 2355 3074 proprii
2375 3025 2513 3063 obiecti

1451 3075 1548 3112 illius
1575 3076 1778 3125 potentiae.
1808 3077 2010 3126 Proprium
2039 3084 2166 3114 autem
2186 3077 2379 3115 obiectum
2403 3079 2511 3116 intel-

1453 3129 1571 3165 lectus
1599 3137 1654 3165 est
1679 3141 1818 3166 verum
1839 3131 1870 3166 *.
1902 3129 2100 3177 Quidquid
2130 3141 2219 3178 ergo
2242 3131 2359 3168 habet
2375 3131 2511 3169 verita-
2539 3144 2549 3152 ·

1453 3188 1530 3218 tem
1557 3182 1831 3230 participatam,
1862 3182 2160 3230 contemplatum
2190 3195 2269 3221 non
2297 3184 2385 3221 facit
2407 3183 2513 3221 intel-

1453 3234 1592 3270 lectum
1612 3235 1822 3283 perfectum
1841 3234 1973 3272 ultima
1991 3235 2234 3283 perfectione.
2264 3237 2364 3274 Cum
2384 3244 2513 3274 autem

1455 3286 1589 3323 eadem
1617 3287 1663 3324 sit
1690 3287 1884 3336 dispositio
1908 3299 2035 3324 rerum
2062 3288 2100 3324 in
2129 3300 2212 3325 esse
2239 3289 2333 3326 sicut
2358 3289 2398 3325 in
2415 3289 2512 3326 veri-

1454 3346 1540 3386 tate,
1556 3347 1598 3376 ut
1613 3339 1746 3377 dicitur
1758 3339 1797 3376 in
1813 3341 1843 3376 II
1859 3340 2075 3389 Metaphys.
2087 3340 2123 3387 *ς
2145 3353 2411 3390 quaecumque
2426 3349 2513 3379 sunt

1454 3392 1552 3429 entia
1580 3404 1648 3441 per
1673 3391 2011 3442 participationem,
2041 3401 2128 3431 sunt
2153 3406 2247 3431 vera
2272 3397 2342 3443 per
2363 3394 2511 3444 partici-

396 3506 421 3537 α)
438 3512 488 3536 per
507 3506 584 3537 quod.
603 3520 620 3524 —
638 3506 710 3538 quod
723 3513 774 3538 per
792 3506 828 3536 Κ,
844 3513 895 3538 per
913 3513 980 3539 quae
1000 3507 1086 3531 ceteri.

2543 444 2600 492 §.Cf
2615 444 2754 493 :treats

2542 1102 2551 1111 ²
2565 1100 2642 1123 Ethic.
2660 1101 2701 1123 lib.
2714 1100 2752 1128 X,

2542 1133 2592 1154 cap.
2602 1133 2643 1149 vn.
2650 1137 2662 1143 -
2671 1127 2697 1149 S.
2705 1126 2751 1149 Th.

2541 1153 2594 1174 lect.
2609 1159 2636 1180 x,
2651 1159 2685 1175 xi.

2538 2513 2547 2522 ·
2562 2511 2631 2534 Vers-
2646 2518 2682 2539 ²4·

2537 2722 2549 2734 ¹*
2563 2721 2614 2744 An.
2631 2722 2736 2750 praeced.

2541 3355 2549 3363 ·
2564 3353 2644 3377 8.·Πι.
2658 3354 2711 3376 leet.
2724 3359 2751 3376 n.

2540 3392 2551 3397 -
2573 3380 2627 3402 Did.
2648 3380 2689 3403 nb.
2705 3380 2749 3408 1⁸,

2540 3413 2590 3435 cap.
2606 3413 2627 3434 1,
2641 3412 2665 3429 n.
2674 3413 2694 3435 5.
