<?xml version="1.0" encoding="UTF-8"?>
<!DOCTYPE html PUBLIC "-//W3C//DTD XHTML 1.0 Transitional//EN"
    "http://www.w3.org/TR/xhtml1/DTD/xhtml1-transitional.dtd">
<html xmlns="http://www.w3.org/1999/xhtml" xml:lang="en" lang="en">
 <head>
  <title>
</title>
<meta http-equiv="Content-Type" content="text/html;charset=utf-8" />
  <meta name='ocr-system' content='tesseract 3.04.00' />
  <meta name='ocr-capabilities' content='ocr_page ocr_carea ocr_par ocr_line ocrx_word'/>
</head>
<body>
  <div class='ocr_page' id='page_1' title='image "./operaomniaiussui06thom/operaomniaiussui06thom_0452.png"; bbox 0 0 2846 4146; ppageno 0'>
   <div class='ocr_carea' id='block_1_1' title="bbox 99 1657 358 1689">
    <p class='ocr_par' dir='ltr' id='par_1_1' title="bbox 99 1657 358 1689">
     <span class='ocr_line' id='line_1_1' title="bbox 99 1657 358 1689; baseline 0 0"><span class='ocrx_word' id='word_1_1' title='bbox 99 1669 103 1674; x_wconf 96' lang='grc'><em>“</em></span> <span class='ocrx_word' id='word_1_2' title='bbox 148 1657 279 1689; x_wconf 68' lang='lat' dir='ltr'>Comment’.</span> <span class='ocrx_word' id='word_1_3' title='bbox 294 1673 358 1689; x_wconf 87' lang='lat' dir='ltr'>num.</span> 
     </span>
    </p>
   </div>
   <div class='ocr_carea' id='block_1_2' title="bbox 381 243 457 279">
    <p class='ocr_par' dir='ltr' id='par_1_2' title="bbox 381 243 457 279">
     <span class='ocr_line' id='line_1_2' title="bbox 381 243 457 279; baseline -0.013 0"><span class='ocrx_word' id='word_1_4' title='bbox 381 243 457 279; x_wconf 87' lang='lat'>440</span> 
     </span>
    </p>
   </div>
   <div class='ocr_carea' id='block_1_3' title="bbox 387 311 1442 780">
    <p class='ocr_par' dir='ltr' id='par_1_3' title="bbox 387 311 1442 626">
     <span class='ocr_line' id='line_1_3' title="bbox 440 311 1441 360; baseline -0.006 -9"><span class='ocrx_word' id='word_1_5' title='bbox 440 314 498 351; x_wconf 78' lang='lat' dir='ltr'>Ao</span> <span class='ocrx_word' id='word_1_6' title='bbox 527 325 664 351; x_wconf 82' lang='lat' dir='ltr'>PRIMUM</span> <span class='ocrx_word' id='word_1_7' title='bbox 692 325 789 350; x_wconf 81' lang='lat' dir='ltr'>ERGO</span> <span class='ocrx_word' id='word_1_8' title='bbox 817 324 1000 350; x_wconf 69' lang='lat' dir='ltr'>monimum</span> <span class='ocrx_word' id='word_1_9' title='bbox 1020 311 1124 360; x_wconf 91' lang='lat' dir='ltr'>quod</span> <span class='ocrx_word' id='word_1_10' title='bbox 1147 312 1309 347; x_wconf 88' lang='lat' dir='ltr'>verbum</span> <span class='ocrx_word' id='word_1_11' title='bbox 1338 312 1441 357; x_wconf 93' lang='lat' dir='ltr'>Apo-</span> 
     </span>
     <span class='ocr_line' id='line_1_4' title="bbox 389 362 1442 426; baseline -0.007 -22"><span class='ocrx_word' id='word_1_12' title='bbox 389 367 472 404; x_wconf 86' lang='lat' dir='ltr'>stoli</span> <span class='ocrx_word' id='word_1_13' title='bbox 501 375 556 403; x_wconf 91' lang='lat' dir='ltr'>est</span> <span class='ocrx_word' id='word_1_14' title='bbox 583 366 866 426; x_wconf 79' lang='lat' dir='ltr'>intelligendum</span> <span class='ocrx_word' id='word_1_15' title='bbox 896 372 1079 414; x_wconf 90' lang='lat' dir='ltr'>quantum</span> <span class='ocrx_word' id='word_1_16' title='bbox 1114 365 1161 401; x_wconf 86' lang='lat' dir='ltr'>ad</span> <span class='ocrx_word' id='word_1_17' title='bbox 1190 363 1225 400; x_wconf 90' lang='lat' dir='ltr'>id</span> <span class='ocrx_word' id='word_1_18' title='bbox 1254 362 1357 410; x_wconf 91' lang='lat' dir='ltr'>quod</span> <span class='ocrx_word' id='word_1_19' title='bbox 1388 369 1442 397; x_wconf 91' lang='lat' dir='ltr'>est</span> 
     </span>
     <span class='ocr_line' id='line_1_5' title="bbox 389 414 1441 466; baseline -0.007 -10"><span class='ocrx_word' id='word_1_20' title='bbox 389 420 581 456; x_wconf 87' lang='lat' dir='ltr'>materiale</span> <span class='ocrx_word' id='word_1_21' title='bbox 610 419 647 456; x_wconf 94' lang='lat' dir='ltr'>in</span> <span class='ocrx_word' id='word_1_22' title='bbox 676 419 840 465; x_wconf 84' lang='lat' dir='ltr'>scientia,</span> <span class='ocrx_word' id='word_1_23' title='bbox 862 426 898 454; x_wconf 90' lang='lat' dir='ltr'>et</span> <span class='ocrx_word' id='word_1_24' title='bbox 917 425 1100 466; x_wconf 90' lang='lat' dir='ltr'>quantum</span> <span class='ocrx_word' id='word_1_25' title='bbox 1130 416 1178 452; x_wconf 90' lang='lat' dir='ltr'>ad</span> <span class='ocrx_word' id='word_1_26' title='bbox 1206 414 1395 451; x_wconf 90' lang='lat' dir='ltr'>modum</span> <span class='ocrx_word' id='word_1_27' title='bbox 1387 426 1441 449; x_wconf 85' lang='lat' dir='ltr'>in-</span> 
     </span>
     <span class='ocr_line' id='line_1_6' title="bbox 387 470 1442 520; baseline -0.007 -11"><span class='ocrx_word' id='word_1_28' title='bbox 387 472 593 519; x_wconf 90' lang='lat' dir='ltr'>telligendi:</span> <span class='ocrx_word' id='word_1_29' title='bbox 615 472 703 520; x_wconf 91' lang='lat' dir='ltr'>quia</span> <span class='ocrx_word' id='word_1_30' title='bbox 730 472 868 508; x_wconf 91' lang='lat' dir='ltr'>scilicet</span> <span class='ocrx_word' id='word_1_31' title='bbox 887 482 1008 518; x_wconf 90' lang='lat' dir='ltr'>neque</span> <span class='ocrx_word' id='word_1_32' title='bbox 1038 470 1301 517; x_wconf 83' lang='lat' dir='ltr'>phantasmata</span> <span class='ocrx_word' id='word_1_33' title='bbox 1321 478 1442 503; x_wconf 90' lang='lat' dir='ltr'>rema-</span> 
     </span>
     <span class='ocr_line' id='line_1_7' title="bbox 388 519 1442 572; baseline -0.008 -10"><span class='ocrx_word' id='word_1_34' title='bbox 388 526 543 571; x_wconf 90' lang='lat' dir='ltr'>nebunt,</span> <span class='ocrx_word' id='word_1_35' title='bbox 566 525 755 561; x_wconf 90' lang='lat' dir='ltr'>destructo</span> <span class='ocrx_word' id='word_1_36' title='bbox 777 535 956 572; x_wconf 85' lang='lat' dir='ltr'>corpore;</span> <span class='ocrx_word' id='word_1_37' title='bbox 986 533 1110 569; x_wconf 88' lang='lat' dir='ltr'>neque</span> <span class='ocrx_word' id='word_1_38' title='bbox 1131 520 1198 556; x_wconf 86' lang='lat' dir='ltr'>erit</span> <span class='ocrx_word' id='word_1_39' title='bbox 1215 532 1307 556; x_wconf 91' lang='lat' dir='ltr'>usus</span> <span class='ocrx_word' id='word_1_40' title='bbox 1323 519 1442 555; x_wconf 89' lang='lat' dir='ltr'>scien—</span> 
     </span>
     <span class='ocr_line' id='line_1_8' title="bbox 388 572 1268 626; baseline -0.008 -11"><span class='ocrx_word' id='word_1_41' title='bbox 388 578 461 614; x_wconf 89' lang='lat' dir='ltr'>tiae</span> <span class='ocrx_word' id='word_1_42' title='bbox 489 590 557 626; x_wconf 91' lang='lat' dir='ltr'>per</span> <span class='ocrx_word' id='word_1_43' title='bbox 577 577 866 614; x_wconf 87' lang='lat' dir='ltr'>conversionem</span> <span class='ocrx_word' id='word_1_44' title='bbox 888 575 936 611; x_wconf 88' lang='lat' dir='ltr'>ad</span> <span class='ocrx_word' id='word_1_45' title='bbox 955 572 1268 622; x_wconf 37' lang='lat' dir='ltr'>phantasmata&amp;</span> 
     </span>
    </p>

    <p class='ocr_par' dir='ltr' id='par_1_4' title="bbox 389 601 1442 780">
     <span class='ocr_line' id='line_1_9' title="bbox 441 601 1440 674; baseline -0.008 -7"><span class='ocrx_word' id='word_1_46' title='bbox 441 632 499 667; x_wconf 82' lang='lat' dir='ltr'>An</span> <span class='ocrx_word' id='word_1_47' title='bbox 528 642 716 667; x_wconf 79' lang='lat' dir='ltr'>SECUNDUM</span> <span class='ocrx_word' id='word_1_48' title='bbox 739 639 924 666; x_wconf 85' lang='lat' dir='ltr'>DICENDUM</span> <span class='ocrx_word' id='word_1_49' title='bbox 944 626 1048 674; x_wconf 91' lang='lat' dir='ltr'>quod</span> <span class='ocrx_word' id='word_1_50' title='bbox 1072 637 1139 673; x_wconf 90' lang='lat' dir='ltr'>per</span> <span class='ocrx_word' id='word_1_51' title='bbox 1167 601 1440 672; x_wconf 83' lang='lat' dir='ltr'>aegritudinem</span> 
     </span>
     <span class='ocr_line' id='line_1_10' title="bbox 389 676 1442 730; baseline -0.008 -10"><span class='ocrx_word' id='word_1_52' title='bbox 389 683 640 730; x_wconf 86' lang='lat' dir='ltr'>corrumpitur</span> <span class='ocrx_word' id='word_1_53' title='bbox 654 682 802 719; x_wconf 89' lang='lat' dir='ltr'>habitus</span> <span class='ocrx_word' id='word_1_54' title='bbox 818 680 994 717; x_wconf 86' lang='lat' dir='ltr'>scientiae</span> <span class='ocrx_word' id='word_1_55' title='bbox 1015 686 1199 727; x_wconf 89' lang='lat' dir='ltr'>quantum</span> <span class='ocrx_word' id='word_1_56' title='bbox 1217 677 1265 713; x_wconf 92' lang='lat' dir='ltr'>ad</span> <span class='ocrx_word' id='word_1_57' title='bbox 1284 677 1320 713; x_wconf 91' lang='lat' dir='ltr'>id</span> <span class='ocrx_word' id='word_1_58' title='bbox 1336 676 1442 725; x_wconf 93' lang='lat' dir='ltr'>quod</span> 
     </span>
     <span class='ocr_line' id='line_1_11' title="bbox 389 730 1442 780; baseline -0.007 -8"><span class='ocrx_word' id='word_1_59' title='bbox 389 743 444 772; x_wconf 91' lang='lat' dir='ltr'>est</span> <span class='ocrx_word' id='word_1_60' title='bbox 471 735 662 772; x_wconf 90' lang='lat' dir='ltr'>materiale</span> <span class='ocrx_word' id='word_1_61' title='bbox 690 735 728 771; x_wconf 93' lang='lat' dir='ltr'>in</span> <span class='ocrx_word' id='word_1_62' title='bbox 758 747 814 779; x_wconf 91' lang='lat' dir='ltr'>eo,</span> <span class='ocrx_word' id='word_1_63' title='bbox 840 733 977 770; x_wconf 90' lang='lat' dir='ltr'>scilicet</span> <span class='ocrx_word' id='word_1_64' title='bbox 1005 738 1188 780; x_wconf 87' lang='lat' dir='ltr'>quantum</span> <span class='ocrx_word' id='word_1_65' title='bbox 1209 730 1258 767; x_wconf 90' lang='lat' dir='ltr'>ad</span> <span class='ocrx_word' id='word_1_66' title='bbox 1285 730 1442 778; x_wconf 91' lang='lat' dir='ltr'>phanta-</span> 
     </span>
    </p>
   </div>
   <div class='ocr_carea' id='block_1_4' title="bbox 151 580 287 608">
    <p class='ocr_par' dir='ltr' id='par_1_5' title="bbox 151 580 287 608">
     <span class='ocr_line' id='line_1_12' title="bbox 151 580 287 608; baseline 0 -6"><span class='ocrx_word' id='word_1_67' title='bbox 151 582 160 591; x_wconf 88' lang='lat'>&#39;¹</span> <span class='ocrx_word' id='word_1_68' title='bbox 173 580 202 602; x_wconf 91' lang='lat' dir='ltr'>D.</span> <span class='ocrx_word' id='word_1_69' title='bbox 216 580 258 608; x_wconf 77' lang='lat'>¹8⁵·</span> <span class='ocrx_word' id='word_1_70' title='bbox 285 603 287 606; x_wconf 18' lang='grc' dir='ltr'><em>Α</em></span> 
     </span>
    </p>
   </div>
   <div class='ocr_carea' id='block_1_5' title="bbox 1042 229 1894 279">
    <p class='ocr_par' dir='ltr' id='par_1_6' title="bbox 1042 229 1894 279">
     <span class='ocr_line' id='line_1_13' title="bbox 1042 229 1894 279; baseline -0.006 -9"><span class='ocrx_word' id='word_1_71' title='bbox 1042 232 1306 279; x_wconf 90' lang='lat' dir='ltr'>QUAESTIO</span> <span class='ocrx_word' id='word_1_72' title='bbox 1338 231 1492 277; x_wconf 83' lang='lat' dir='ltr'>LXVII,</span> <span class='ocrx_word' id='word_1_73' title='bbox 1522 229 1816 266; x_wconf 91' lang='lat' dir='ltr'>ARTICULUS</span> <span class='ocrx_word' id='word_1_74' title='bbox 1846 229 1894 265; x_wconf 79' lang='grc' dir='ltr'>ΙΙΙ</span> 
     </span>
    </p>
   </div>
   <div class='ocr_carea' id='block_1_6' title="bbox 1493 310 2557 717">
    <p class='ocr_par' dir='ltr' id='par_1_7' title="bbox 1495 310 2556 412">
     <span class='ocr_line' id='line_1_14' title="bbox 1496 310 2556 361; baseline 0.002 -17"><span class='ocrx_word' id='word_1_75' title='bbox 1496 315 1634 344; x_wconf 89' lang='lat' dir='ltr'>smata:</span> <span class='ocrx_word' id='word_1_76' title='bbox 1664 320 1743 344; x_wconf 92' lang='lat' dir='ltr'>non</span> <span class='ocrx_word' id='word_1_77' title='bbox 1771 315 1899 344; x_wconf 90' lang='lat' dir='ltr'>autem</span> <span class='ocrx_word' id='word_1_78' title='bbox 1929 317 2114 361; x_wconf 83' lang='lat' dir='ltr'>quantum</span> <span class='ocrx_word' id='word_1_79' title='bbox 2143 311 2192 348; x_wconf 91' lang='lat' dir='ltr'>ad</span> <span class='ocrx_word' id='word_1_80' title='bbox 2221 311 2367 360; x_wconf 91' lang='lat' dir='ltr'>species</span> <span class='ocrx_word' id='word_1_81' title='bbox 2387 310 2556 358; x_wconf 88' lang='lat' dir='ltr'>intelligi-</span> 
     </span>
     <span class='ocr_line' id='line_1_15' title="bbox 1495 355 2340 422; baseline 0.005 -26"><span class='ocrx_word' id='word_1_82' title='bbox 1495 360 1600 406; x_wconf 88' lang='lat' dir='ltr'>biles,</span> <span class='ocrx_word' id='word_1_83' title='bbox 1631 373 1728 409; x_wconf 89' lang='lat' dir='ltr'>quae</span> <span class='ocrx_word' id='word_1_84' title='bbox 1758 369 1846 397; x_wconf 89' lang='lat' dir='ltr'>sunt</span> <span class='ocrx_word' id='word_1_85' title='bbox 1873 360 1912 397; x_wconf 90' lang='lat' dir='ltr'>in</span> <span class='ocrx_word' id='word_1_86' title='bbox 1939 355 2129 400; x_wconf 87' lang='lat' dir='ltr'>intellectu</span> <span class='ocrx_word' id='word_1_87' title='bbox 2157 363 2340 422; x_wconf 76' lang='lat' dir='ltr'>possibili.</span> 
     </span>
    </p>

    <p class='ocr_par' dir='ltr' id='par_1_8' title="bbox 1493 415 2557 717">
     <span class='ocr_line' id='line_1_16' title="bbox 1547 415 2557 464; baseline 0.004 -15"><span class='ocrx_word' id='word_1_88' title='bbox 1547 415 1606 449; x_wconf 84' lang='grc' dir='ltr'>Αι)</span> <span class='ocrx_word' id='word_1_89' title='bbox 1621 425 1782 450; x_wconf 60' lang='grc' dir='ltr'><strong>τΕιιτιυΜ</strong></span> <span class='ocrx_word' id='word_1_90' title='bbox 1801 425 1984 450; x_wconf 67' lang='lat' dir='ltr'>memnon</span> <span class='ocrx_word' id='word_1_91' title='bbox 2005 415 2109 463; x_wconf 91' lang='lat' dir='ltr'>quod</span> <span class='ocrx_word' id='word_1_92' title='bbox 2128 416 2256 453; x_wconf 90' lang='lat' dir='ltr'>anima</span> <span class='ocrx_word' id='word_1_93' title='bbox 2275 423 2450 464; x_wconf 87' lang='lat' dir='ltr'>separata</span> <span class='ocrx_word' id='word_1_94' title='bbox 2468 423 2557 464; x_wconf 90' lang='lat' dir='ltr'>post</span> 
     </span>
     <span class='ocr_line' id='line_1_17' title="bbox 1495 466 2555 517; baseline 0.004 -16"><span class='ocrx_word' id='word_1_95' title='bbox 1495 473 1660 502; x_wconf 90' lang='lat' dir='ltr'>mortem</span> <span class='ocrx_word' id='word_1_96' title='bbox 1695 466 1810 502; x_wconf 87' lang='lat' dir='ltr'>habet</span> <span class='ocrx_word' id='word_1_97' title='bbox 1838 466 1953 502; x_wconf 88' lang='lat' dir='ltr'>aliurn</span> <span class='ocrx_word' id='word_1_98' title='bbox 1982 467 2143 504; x_wconf 86' lang='lat' dir='ltr'>modum</span> <span class='ocrx_word' id='word_1_99' title='bbox 2176 468 2405 516; x_wconf 90' lang='lat' dir='ltr'>intelligendi</span> <span class='ocrx_word' id='word_1_100' title='bbox 2437 480 2555 517; x_wconf 89' lang='lat' dir='ltr'>quam</span> 
     </span>
     <span class='ocr_line' id='line_1_18' title="bbox 1494 518 2556 568; baseline 0.005 -15"><span class='ocrx_word' id='word_1_101' title='bbox 1494 530 1563 566; x_wconf 90' lang='lat' dir='ltr'>per</span> <span class='ocrx_word' id='word_1_102' title='bbox 1592 518 1884 554; x_wconf 88' lang='lat' dir='ltr'>conversionem</span> <span class='ocrx_word' id='word_1_103' title='bbox 1905 519 1954 555; x_wconf 92' lang='lat' dir='ltr'>ad</span> <span class='ocrx_word' id='word_1_104' title='bbox 1972 520 2248 568; x_wconf 86' lang='lat' dir='ltr'>phantasmata,</span> <span class='ocrx_word' id='word_1_105' title='bbox 2269 529 2310 558; x_wconf 90' lang='lat' dir='ltr'>ut</span> <span class='ocrx_word' id='word_1_106' title='bbox 2329 521 2367 557; x_wconf 93' lang='lat' dir='ltr'>in</span> <span class='ocrx_word' id='word_1_107' title='bbox 2386 520 2516 557; x_wconf 88' lang='lat' dir='ltr'>Primo</span> <span class='ocrx_word' id='word_1_108' title='bbox 2536 520 2556 542; x_wconf 85' lang='grc'>*</span> 
     </span>
     <span class='ocr_line' id='line_1_19' title="bbox 1496 570 2556 620; baseline 0.005 -14"><span class='ocrx_word' id='word_1_109' title='bbox 1496 570 1637 607; x_wconf 91' lang='lat' dir='ltr'>dictum</span> <span class='ocrx_word' id='word_1_110' title='bbox 1668 579 1734 607; x_wconf 91' lang='lat' dir='ltr'>est.</span> <span class='ocrx_word' id='word_1_111' title='bbox 1764 572 1813 607; x_wconf 93' lang='lat' dir='ltr'>Et</span> <span class='ocrx_word' id='word_1_112' title='bbox 1841 571 1894 607; x_wconf 93' lang='lat' dir='ltr'>sic</span> <span class='ocrx_word' id='word_1_113' title='bbox 1922 572 2076 609; x_wconf 90' lang='lat' dir='ltr'>scientia</span> <span class='ocrx_word' id='word_1_114' title='bbox 2093 582 2234 620; x_wconf 86' lang='lat' dir='ltr'>manet,</span> <span class='ocrx_word' id='word_1_115' title='bbox 2251 586 2329 611; x_wconf 89' lang='lat' dir='ltr'>non</span> <span class='ocrx_word' id='word_1_116' title='bbox 2348 581 2479 610; x_wconf 90' lang='lat' dir='ltr'>tamen</span> <span class='ocrx_word' id='word_1_117' title='bbox 2498 585 2556 610; x_wconf 89' lang='lat' dir='ltr'>se-</span> 
     </span>
     <span class='ocr_line' id='line_1_20' title="bbox 1496 623 2556 674; baseline 0.003 -15"><span class='ocrx_word' id='word_1_118' title='bbox 1496 623 1663 660; x_wconf 90' lang='lat' dir='ltr'>cundum</span> <span class='ocrx_word' id='word_1_119' title='bbox 1699 623 1865 660; x_wconf 91' lang='lat' dir='ltr'>eundem</span> <span class='ocrx_word' id='word_1_120' title='bbox 1891 625 2053 662; x_wconf 89' lang='lat' dir='ltr'>modum</span> <span class='ocrx_word' id='word_1_121' title='bbox 2081 627 2283 674; x_wconf 88' lang='lat' dir='ltr'>operandi:</span> <span class='ocrx_word' id='word_1_122' title='bbox 2313 627 2407 663; x_wconf 92' lang='lat' dir='ltr'>sicut</span> <span class='ocrx_word' id='word_1_123' title='bbox 2439 633 2476 663; x_wconf 92' lang='lat' dir='ltr'>et</span> <span class='ocrx_word' id='word_1_124' title='bbox 2508 626 2556 663; x_wconf 88' lang='lat' dir='ltr'>de</span> 
     </span>
     <span class='ocr_line' id='line_1_21' title="bbox 1493 676 2235 717; baseline 0.008 -6"><span class='ocrx_word' id='word_1_125' title='bbox 1493 676 1694 712; x_wconf 89' lang='lat' dir='ltr'>virtutibus</span> <span class='ocrx_word' id='word_1_126' title='bbox 1722 676 1931 714; x_wconf 88' lang='lat' dir='ltr'>moralibus</span> <span class='ocrx_word' id='word_1_127' title='bbox 1960 677 2101 715; x_wconf 87' lang='lat' dir='ltr'>dictum</span> <span class='ocrx_word' id='word_1_128' title='bbox 2130 687 2185 716; x_wconf 87' lang='lat' dir='ltr'>est</span> <span class='ocrx_word' id='word_1_129' title='bbox 2204 679 2235 717; x_wconf 63' lang='lat'>²⁸.</span> 
     </span>
    </p>
   </div>
   <div class='ocr_carea' id='block_1_7' title="bbox 1055 815 1879 851">
    <p class='ocr_par' dir='ltr' id='par_1_9' title="bbox 1055 815 1879 851">
     <span class='ocr_line' id='line_1_22' title="bbox 1055 815 1879 851; baseline -0.004 -1"><span class='ocrx_word' id='word_1_130' title='bbox 1055 817 1386 851; x_wconf 76' lang='lat' dir='ltr'>commentaria</span> <span class='ocrx_word' id='word_1_131' title='bbox 1408 816 1658 848; x_wconf 74' lang='lat' dir='ltr'>Cardinalis</span> <span class='ocrx_word' id='word_1_132' title='bbox 1680 815 1879 848; x_wconf 74' lang='lat' dir='ltr'>Caietani</span> 
     </span>
    </p>
   </div>
   <div class='ocr_carea' id='block_1_8' title="bbox 384 887 1443 1810">
    <p class='ocr_par' dir='ltr' id='par_1_10' title="bbox 386 887 1443 1194">
     <span class='ocr_line' id='line_1_23' title="bbox 418 887 1443 939; baseline -0.007 -16"><span class='ocrx_word' id='word_1_133' title='bbox 418 903 437 922; x_wconf 85' lang='lat' dir='ltr'>N</span> <span class='ocrx_word' id='word_1_134' title='bbox 465 892 596 923; x_wconf 89' lang='lat' dir='ltr'>articulo</span> <span class='ocrx_word' id='word_1_135' title='bbox 625 891 764 922; x_wconf 91' lang='lat' dir='ltr'>secundo</span> <span class='ocrx_word' id='word_1_136' title='bbox 796 890 937 920; x_wconf 88' lang='lat' dir='ltr'>eiusdem</span> <span class='ocrx_word' id='word_1_137' title='bbox 960 887 1320 939; x_wconf 82' lang='lat' dir='ltr'>sexagesimaeseptimae</span> <span class='ocrx_word' id='word_1_138' title='bbox 1349 897 1443 927; x_wconf 90' lang='lat' dir='ltr'>quae-</span> 
     </span>
     <span class='ocr_line' id='line_1_24' title="bbox 390 905 1441 974; baseline -0.004 -10"><span class='ocrx_word' id='word_1_139' title='bbox 390 905 543 971; x_wconf 85' lang='lat' dir='ltr'>Istionis,</span> <span class='ocrx_word' id='word_1_140' title='bbox 569 936 701 965; x_wconf 87' lang='lat' dir='ltr'>dubium</span> <span class='ocrx_word' id='word_1_141' title='bbox 734 934 838 974; x_wconf 88' lang='lat' dir='ltr'>primo</span> <span class='ocrx_word' id='word_1_142' title='bbox 867 933 1018 967; x_wconf 84' lang='lat' dir='ltr'>occurrit,</span> <span class='ocrx_word' id='word_1_143' title='bbox 1050 942 1116 972; x_wconf 93' lang='lat' dir='ltr'>quo</span> <span class='ocrx_word' id='word_1_144' title='bbox 1140 938 1232 972; x_wconf 86' lang='lat' dir='ltr'>pacto</span> <span class='ocrx_word' id='word_1_145' title='bbox 1263 938 1309 962; x_wconf 92' lang='lat' dir='ltr'>est</span> <span class='ocrx_word' id='word_1_146' title='bbox 1331 941 1441 961; x_wconf 84' lang='lat' dir='ltr'>verum</span> 
     </span>
     <span class='ocr_line' id='line_1_25' title="bbox 387 975 1441 1028; baseline -0.006 -18"><span class='ocrx_word' id='word_1_147' title='bbox 387 980 484 1020; x_wconf 89' lang='lat' dir='ltr'>quod,</span> <span class='ocrx_word' id='word_1_148' title='bbox 502 980 526 1009; x_wconf 92' lang='lat' dir='ltr'>si</span> <span class='ocrx_word' id='word_1_149' title='bbox 546 979 663 1019; x_wconf 85' lang='lat' dir='ltr'>species</span> <span class='ocrx_word' id='word_1_150' title='bbox 683 978 891 1028; x_wconf 80' lang='lat' dir='ltr'>intelligibiles</span> <span class='ocrx_word' id='word_1_151' title='bbox 911 987 976 1007; x_wconf 92' lang='lat' dir='ltr'>non</span> <span class='ocrx_word' id='word_1_152' title='bbox 993 982 1216 1006; x_wconf 87' lang='lat' dir='ltr'>conservantur</span> <span class='ocrx_word' id='word_1_153' title='bbox 1234 975 1267 1005; x_wconf 92' lang='lat' dir='ltr'>in</span> <span class='ocrx_word' id='word_1_154' title='bbox 1283 975 1441 1005; x_wconf 90' lang='lat' dir='ltr'>intellectu</span> 
     </span>
     <span class='ocr_line' id='line_1_26' title="bbox 386 1018 1442 1063; baseline -0.005 -10"><span class='ocrx_word' id='word_1_155' title='bbox 386 1023 536 1063; x_wconf 89' lang='lat' dir='ltr'>possibili,</span> <span class='ocrx_word' id='word_1_156' title='bbox 562 1023 649 1063; x_wconf 91' lang='lat' dir='ltr'>quod</span> <span class='ocrx_word' id='word_1_157' title='bbox 672 1022 799 1052; x_wconf 88' lang='lat' dir='ltr'>scientia</span> <span class='ocrx_word' id='word_1_158' title='bbox 822 1021 911 1051; x_wconf 91' lang='lat' dir='ltr'>nullo</span> <span class='ocrx_word' id='word_1_159' title='bbox 936 1021 1034 1050; x_wconf 90' lang='lat' dir='ltr'>modo</span> <span class='ocrx_word' id='word_1_160' title='bbox 1058 1026 1245 1050; x_wconf 89' lang='lat' dir='ltr'>remaneret.</span> <span class='ocrx_word' id='word_1_161' title='bbox 1271 1029 1345 1049; x_wconf 89' lang='lat' dir='ltr'>curn</span> <span class='ocrx_word' id='word_1_162' title='bbox 1368 1018 1442 1049; x_wconf 87' lang='lat' dir='ltr'>Avi-</span> 
     </span>
     <span class='ocr_line' id='line_1_27' title="bbox 387 1062 1442 1105; baseline -0.005 -8"><span class='ocrx_word' id='word_1_163' title='bbox 387 1077 493 1102; x_wconf 86' lang='lat' dir='ltr'>cenna‚</span> <span class='ocrx_word' id='word_1_164' title='bbox 519 1067 608 1097; x_wconf 89' lang='lat' dir='ltr'>cuius</span> <span class='ocrx_word' id='word_1_165' title='bbox 631 1073 677 1096; x_wconf 89' lang='lat' dir='ltr'>est</span> <span class='ocrx_word' id='word_1_166' title='bbox 700 1066 757 1096; x_wconf 82' lang='lat' dir='ltr'>ista</span> <span class='ocrx_word' id='word_1_167' title='bbox 780 1065 907 1105; x_wconf 90' lang='lat' dir='ltr'>positio,</span> <span class='ocrx_word' id='word_1_168' title='bbox 932 1062 1042 1094; x_wconf 83' lang='lat' dir='ltr'>dicat*</span> <span class='ocrx_word' id='word_1_169' title='bbox 1065 1073 1224 1094; x_wconf 88' lang='lat' dir='ltr'>remanere</span> <span class='ocrx_word' id='word_1_170' title='bbox 1248 1062 1442 1093; x_wconf 86' lang='lat' dir='ltr'>habilitatem</span> 
     </span>
     <span class='ocr_line' id='line_1_28' title="bbox 386 1106 1441 1150; baseline -0.005 -9"><span class='ocrx_word' id='word_1_171' title='bbox 386 1111 561 1141; x_wconf 89' lang='lat' dir='ltr'>intellectus</span> <span class='ocrx_word' id='word_1_172' title='bbox 569 1111 613 1140; x_wconf 75' lang='lat' dir='ltr'>ad</span> <span class='ocrx_word' id='word_1_173' title='bbox 626 1110 840 1150; x_wconf 90' lang='lat' dir='ltr'>recipiendum</span> <span class='ocrx_word' id='word_1_174' title='bbox 859 1109 897 1138; x_wconf 91' lang='lat' dir='ltr'>ab</span> <span class='ocrx_word' id='word_1_175' title='bbox 914 1108 1116 1148; x_wconf 72' lang='lat' dir='ltr'>intelligentia</span> <span class='ocrx_word' id='word_1_176' title='bbox 1133 1115 1242 1147; x_wconf 81' lang='lat' dir='ltr'>agente</span> <span class='ocrx_word' id='word_1_177' title='bbox 1259 1116 1340 1147; x_wconf 84' lang='lat' dir='ltr'>quae</span> <span class='ocrx_word' id='word_1_178' title='bbox 1354 1106 1441 1146; x_wconf 90' lang='lat' dir='ltr'>prius</span> 
     </span>
     <span class='ocr_line' id='line_1_29' title="bbox 386 1151 1237 1194; baseline -0.004 -10"><span class='ocrx_word' id='word_1_179' title='bbox 386 1154 516 1194; x_wconf 91' lang='lat' dir='ltr'>recepit;</span> <span class='ocrx_word' id='word_1_180' title='bbox 540 1161 572 1185; x_wconf 89' lang='lat' dir='ltr'>et</span> <span class='ocrx_word' id='word_1_181' title='bbox 593 1154 652 1184; x_wconf 85' lang='lat' dir='ltr'>ista</span> <span class='ocrx_word' id='word_1_182' title='bbox 674 1153 833 1184; x_wconf 85' lang='lat' dir='ltr'>habilitate</span> <span class='ocrx_word' id='word_1_183' title='bbox 857 1152 969 1183; x_wconf 88' lang='lat' dir='ltr'>dicitur</span> <span class='ocrx_word' id='word_1_184' title='bbox 991 1152 1104 1192; x_wconf 90' lang='lat' dir='ltr'>aliquis</span> <span class='ocrx_word' id='word_1_185' title='bbox 1128 1151 1237 1181; x_wconf 90' lang='lat' dir='ltr'>sciens.</span> 
     </span>
    </p>

    <p class='ocr_par' dir='ltr' id='par_1_11' title="bbox 384 1194 1443 1497">
     <span class='ocr_line' id='line_1_30' title="bbox 440 1194 1441 1237; baseline -0.004 -9"><span class='ocrx_word' id='word_1_186' title='bbox 440 1198 490 1228; x_wconf 91' lang='lat' dir='ltr'>Ad</span> <span class='ocrx_word' id='word_1_187' title='bbox 512 1198 574 1228; x_wconf 92' lang='lat' dir='ltr'>hoc</span> <span class='ocrx_word' id='word_1_188' title='bbox 597 1198 709 1228; x_wconf 89' lang='lat' dir='ltr'>dicitur</span> <span class='ocrx_word' id='word_1_189' title='bbox 731 1198 819 1237; x_wconf 93' lang='lat' dir='ltr'>quod</span> <span class='ocrx_word' id='word_1_190' title='bbox 842 1198 976 1232; x_wconf 84' lang='lat' dir='ltr'>Auctor,</span> <span class='ocrx_word' id='word_1_191' title='bbox 1002 1202 1037 1226; x_wconf 93' lang='lat' dir='ltr'>ut</span> <span class='ocrx_word' id='word_1_192' title='bbox 1060 1202 1188 1235; x_wconf 85' lang='lat' dir='ltr'>apparet</span> <span class='ocrx_word' id='word_1_193' title='bbox 1210 1195 1242 1225; x_wconf 92' lang='lat' dir='ltr'>in</span> <span class='ocrx_word' id='word_1_194' title='bbox 1267 1195 1293 1225; x_wconf 93' lang='lat'>11</span> <span class='ocrx_word' id='word_1_195' title='bbox 1309 1194 1441 1225; x_wconf 86' lang='lat' dir='ltr'>&#39;Contra</span> 
     </span>
     <span class='ocr_line' id='line_1_31' title="bbox 388 1238 1442 1282; baseline -0.004 -10"><span class='ocrx_word' id='word_1_196' title='bbox 388 1242 491 1279; x_wconf 70' lang='lat' dir='ltr'>Gent„</span> <span class='ocrx_word' id='word_1_197' title='bbox 509 1252 576 1282; x_wconf 86' lang='lat' dir='ltr'>cap.</span> <span class='ocrx_word' id='word_1_198' title='bbox 593 1252 692 1277; x_wconf 66' lang='lat' dir='ltr'>mxiv,</span> <span class='ocrx_word' id='word_1_199' title='bbox 714 1248 803 1282; x_wconf 90' lang='lat' dir='ltr'>putat</span> <span class='ocrx_word' id='word_1_200' title='bbox 825 1240 1019 1270; x_wconf 86' lang='lat' dir='ltr'>Avicennam</span> <span class='ocrx_word' id='word_1_201' title='bbox 1038 1240 1120 1270; x_wconf 89' lang='lat' dir='ltr'>male</span> <span class='ocrx_word' id='word_1_202' title='bbox 1135 1246 1340 1279; x_wconf 89' lang='lat' dir='ltr'>prosecutum</span> <span class='ocrx_word' id='word_1_203' title='bbox 1357 1238 1442 1278; x_wconf 89' lang='lat' dir='ltr'>posi-</span> 
     </span>
     <span class='ocr_line' id='line_1_32' title="bbox 385 1282 1441 1325; baseline -0.004 -9"><span class='ocrx_word' id='word_1_204' title='bbox 385 1286 506 1316; x_wconf 88' lang='lat' dir='ltr'>tionem</span> <span class='ocrx_word' id='word_1_205' title='bbox 530 1294 636 1321; x_wconf 86' lang='lat' dir='ltr'>suam;</span> <span class='ocrx_word' id='word_1_206' title='bbox 661 1292 691 1316; x_wconf 93' lang='lat' dir='ltr'>et</span> <span class='ocrx_word' id='word_1_207' title='bbox 714 1286 802 1325; x_wconf 92' lang='lat' dir='ltr'>quod</span> <span class='ocrx_word' id='word_1_208' title='bbox 824 1284 968 1314; x_wconf 81' lang='lat' dir='ltr'>habilitas</span> <span class='ocrx_word' id='word_1_209' title='bbox 991 1284 1042 1314; x_wconf 89' lang='lat' dir='ltr'>illa</span> <span class='ocrx_word' id='word_1_210' title='bbox 1066 1294 1132 1314; x_wconf 91' lang='lat' dir='ltr'>non</span> <span class='ocrx_word' id='word_1_211' title='bbox 1156 1290 1215 1319; x_wconf 88' lang='lat' dir='ltr'>est,</span> <span class='ocrx_word' id='word_1_212' title='bbox 1240 1283 1298 1313; x_wconf 90' lang='lat' dir='ltr'>nisi</span> <span class='ocrx_word' id='word_1_213' title='bbox 1323 1282 1441 1322; x_wconf 90' lang='lat' dir='ltr'>species</span> 
     </span>
     <span class='ocr_line' id='line_1_33' title="bbox 386 1326 1441 1369; baseline -0.004 -9"><span class='ocrx_word' id='word_1_214' title='bbox 386 1329 456 1360; x_wconf 88' lang='lat' dir='ltr'>sint.</span> <span class='ocrx_word' id='word_1_215' title='bbox 482 1330 522 1360; x_wconf 92' lang='lat' dir='ltr'>Et</span> <span class='ocrx_word' id='word_1_216' title='bbox 545 1336 710 1369; x_wconf 88' lang='lat' dir='ltr'>propterea</span> <span class='ocrx_word' id='word_1_217' title='bbox 733 1329 783 1359; x_wconf 90' lang='lat' dir='ltr'>hic</span> <span class='ocrx_word' id='word_1_218' title='bbox 806 1338 872 1358; x_wconf 92' lang='lat' dir='ltr'>non</span> <span class='ocrx_word' id='word_1_219' title='bbox 896 1339 932 1358; x_wconf 81' lang='lat' dir='ltr'>ex</span> <span class='ocrx_word' id='word_1_220' title='bbox 955 1328 1129 1358; x_wconf 90' lang='lat' dir='ltr'>intentione</span> <span class='ocrx_word' id='word_1_221' title='bbox 1155 1327 1239 1357; x_wconf 89' lang='lat' dir='ltr'>illius</span> <span class='ocrx_word' id='word_1_222' title='bbox 1263 1326 1441 1366; x_wconf 88' lang='lat' dir='ltr'>opinionis,</span> 
     </span>
     <span class='ocr_line' id='line_1_34' title="bbox 386 1371 1443 1412; baseline -0.002 -9"><span class='ocrx_word' id='word_1_223' title='bbox 386 1374 439 1403; x_wconf 89' lang='lat' dir='ltr'>sed</span> <span class='ocrx_word' id='word_1_224' title='bbox 463 1383 500 1403; x_wconf 81' lang='lat' dir='ltr'>ex</span> <span class='ocrx_word' id='word_1_225' title='bbox 523 1373 697 1404; x_wconf 90' lang='lat' dir='ltr'>intentione</span> <span class='ocrx_word' id='word_1_226' title='bbox 720 1373 867 1403; x_wconf 89' lang='lat' dir='ltr'>Auctoris</span> <span class='ocrx_word' id='word_1_227' title='bbox 896 1372 1119 1402; x_wconf 89' lang='lat' dir='ltr'>determinatur</span> <span class='ocrx_word' id='word_1_228' title='bbox 1146 1372 1235 1412; x_wconf 93' lang='lat' dir='ltr'>quod</span> <span class='ocrx_word' id='word_1_229' title='bbox 1261 1371 1388 1402; x_wconf 86' lang='lat' dir='ltr'>scientia</span> <span class='ocrx_word' id='word_1_230' title='bbox 1412 1377 1443 1401; x_wconf 90' lang='lat' dir='ltr'>et</span> 
     </span>
     <span class='ocr_line' id='line_1_35' title="bbox 384 1414 1442 1452; baseline -0.002 -5"><span class='ocrx_word' id='word_1_231' title='bbox 384 1417 513 1447; x_wconf 90' lang='lat' dir='ltr'>virtutes</span> <span class='ocrx_word' id='word_1_232' title='bbox 527 1417 749 1448; x_wconf 87' lang='lat' dir='ltr'>intellectuales</span> <span class='ocrx_word' id='word_1_233' title='bbox 765 1417 854 1447; x_wconf 90' lang='lat' dir='ltr'>nullo</span> <span class='ocrx_word' id='word_1_234' title='bbox 870 1417 980 1452; x_wconf 90' lang='lat' dir='ltr'>modo,</span> <span class='ocrx_word' id='word_1_235' title='bbox 998 1426 1055 1447; x_wconf 89' lang='lat' dir='ltr'>nec</span> <span class='ocrx_word' id='word_1_236' title='bbox 1071 1415 1243 1446; x_wconf 86' lang='lat' dir='ltr'>formaliter</span> <span class='ocrx_word' id='word_1_237' title='bbox 1255 1414 1370 1447; x_wconf 90' lang='lat' dir='ltr'>scilicet</span> <span class='ocrx_word' id='word_1_238' title='bbox 1385 1425 1442 1445; x_wconf 89' lang='lat' dir='ltr'>nec</span> 
     </span>
     <span class='ocr_line' id='line_1_36' title="bbox 385 1461 917 1497; baseline 0 -6"><span class='ocrx_word' id='word_1_239' title='bbox 385 1461 593 1497; x_wconf 86' lang='lat' dir='ltr'>materialiter,</span> <span class='ocrx_word' id='word_1_240' title='bbox 618 1467 814 1491; x_wconf 84' lang='lat' dir='ltr'>remanerent</span> <span class='ocrx_word' id='word_1_241' title='bbox 837 1467 917 1491; x_wconf 89' lang='lat' dir='ltr'>actu.</span> 
     </span>
    </p>

    <p class='ocr_par' dir='ltr' id='par_1_12' title="bbox 384 1503 1443 1764">
     <span class='ocr_line' id='line_1_37' title="bbox 443 1503 1442 1544; baseline -0.001 -10"><span class='ocrx_word' id='word_1_242' title='bbox 443 1505 480 1536; x_wconf 91' lang='grc' dir='ltr'>ΙΙ.</span> <span class='ocrx_word' id='word_1_243' title='bbox 503 1505 647 1535; x_wconf 90' lang='lat' dir='ltr'>Dubium</span> <span class='ocrx_word' id='word_1_244' title='bbox 670 1505 810 1535; x_wconf 90' lang='lat' dir='ltr'>secundo</span> <span class='ocrx_word' id='word_1_245' title='bbox 830 1505 862 1535; x_wconf 90' lang='lat' dir='ltr'>in</span> <span class='ocrx_word' id='word_1_246' title='bbox 879 1505 992 1534; x_wconf 89' lang='lat' dir='ltr'>eodem</span> <span class='ocrx_word' id='word_1_247' title='bbox 1011 1504 1083 1534; x_wconf 88' lang='lat' dir='ltr'>loco</span> <span class='ocrx_word' id='word_1_248' title='bbox 1104 1503 1248 1539; x_wconf 85' lang='lat' dir='ltr'>occurrit,</span> <span class='ocrx_word' id='word_1_249' title='bbox 1265 1513 1361 1544; x_wconf 87' lang='lat' dir='ltr'>quare</span> <span class='ocrx_word' id='word_1_250' title='bbox 1377 1505 1442 1533; x_wconf 90' lang='lat' dir='ltr'>Au-</span> 
     </span>
     <span class='ocr_line' id='line_1_38' title="bbox 386 1548 1442 1586; baseline -0.002 -7"><span class='ocrx_word' id='word_1_251' title='bbox 386 1555 463 1586; x_wconf 89' lang='lat' dir='ltr'>ctor,</span> <span class='ocrx_word' id='word_1_252' title='bbox 479 1549 516 1579; x_wconf 91' lang='lat' dir='ltr'>de</span> <span class='ocrx_word' id='word_1_253' title='bbox 535 1549 688 1580; x_wconf 87' lang='lat' dir='ltr'>virtutum</span> <span class='ocrx_word' id='word_1_254' title='bbox 710 1548 969 1579; x_wconf 87' lang='lat' dir='ltr'>intellectualium</span> <span class='ocrx_word' id='word_1_255' title='bbox 993 1548 1157 1579; x_wconf 87' lang='lat' dir='ltr'>duratione</span> <span class='ocrx_word' id='word_1_256' title='bbox 1173 1554 1316 1583; x_wconf 86' lang='lat' dir='ltr'>tractans,</span> <span class='ocrx_word' id='word_1_257' title='bbox 1334 1557 1442 1577; x_wconf 86' lang='lat' dir='ltr'>earum</span> 
     </span>
     <span class='ocr_line' id='line_1_39' title="bbox 386 1591 1443 1633; baseline -0.002 -10"><span class='ocrx_word' id='word_1_258' title='bbox 386 1593 534 1623; x_wconf 83' lang='lat' dir='ltr'>essentias</span> <span class='ocrx_word' id='word_1_259' title='bbox 557 1600 652 1630; x_wconf 90' lang='lat' dir='ltr'>tacet;</span> <span class='ocrx_word' id='word_1_260' title='bbox 677 1600 707 1624; x_wconf 93' lang='lat' dir='ltr'>et</span> <span class='ocrx_word' id='word_1_261' title='bbox 730 1594 767 1624; x_wconf 90' lang='lat' dir='ltr'>de</span> <span class='ocrx_word' id='word_1_262' title='bbox 791 1592 951 1633; x_wconf 90' lang='lat' dir='ltr'>principiis</span> <span class='ocrx_word' id='word_1_263' title='bbox 975 1602 1099 1628; x_wconf 82' lang='lat' dir='ltr'>earum,</span> <span class='ocrx_word' id='word_1_264' title='bbox 1123 1602 1204 1632; x_wconf 88' lang='lat' dir='ltr'>quae</span> <span class='ocrx_word' id='word_1_265' title='bbox 1228 1598 1302 1622; x_wconf 91' lang='lat' dir='ltr'>sunt</span> <span class='ocrx_word' id='word_1_266' title='bbox 1325 1591 1443 1631; x_wconf 89' lang='lat' dir='ltr'>species</span> 
     </span>
     <span class='ocr_line' id='line_1_40' title="bbox 384 1635 1442 1678; baseline -0.001 -12"><span class='ocrx_word' id='word_1_267' title='bbox 384 1636 592 1677; x_wconf 88' lang='lat' dir='ltr'>intelligibiles</span> <span class='ocrx_word' id='word_1_268' title='bbox 616 1644 646 1668; x_wconf 90' lang='lat' dir='ltr'>et</span> <span class='ocrx_word' id='word_1_269' title='bbox 668 1637 896 1678; x_wconf 84' lang='lat' dir='ltr'>phantasmata,</span> <span class='ocrx_word' id='word_1_270' title='bbox 913 1643 1031 1667; x_wconf 90' lang='lat' dir='ltr'>tractat.</span> <span class='ocrx_word' id='word_1_271' title='bbox 1056 1636 1123 1666; x_wconf 84' lang='lat' dir='ltr'>Iam</span> <span class='ocrx_word' id='word_1_272' title='bbox 1138 1635 1222 1666; x_wconf 88' lang='lat' dir='ltr'>enim</span> <span class='ocrx_word' id='word_1_273' title='bbox 1238 1635 1255 1654; x_wconf 84' lang='lat'><strong>*</strong></span> <span class='ocrx_word' id='word_1_274' title='bbox 1279 1642 1442 1666; x_wconf 88' lang='lat' dir='ltr'>ostensum</span> 
     </span>
     <span class='ocr_line' id='line_1_41' title="bbox 386 1679 1443 1721; baseline -0.001 -10"><span class='ocrx_word' id='word_1_275' title='bbox 386 1686 432 1711; x_wconf 85' lang='lat' dir='ltr'>est</span> <span class='ocrx_word' id='word_1_276' title='bbox 455 1682 542 1721; x_wconf 93' lang='lat' dir='ltr'>quod</span> <span class='ocrx_word' id='word_1_277' title='bbox 565 1681 694 1712; x_wconf 91' lang='lat' dir='ltr'>virtutes</span> <span class='ocrx_word' id='word_1_278' title='bbox 718 1681 941 1712; x_wconf 86' lang='lat' dir='ltr'>intellectuales</span> <span class='ocrx_word' id='word_1_279' title='bbox 960 1680 1087 1711; x_wconf 83' lang='lat' dir='ltr'>effectus</span> <span class='ocrx_word' id='word_1_280' title='bbox 1112 1687 1185 1711; x_wconf 90' lang='lat' dir='ltr'>sunt</span> <span class='ocrx_word' id='word_1_281' title='bbox 1205 1679 1379 1720; x_wconf 89' lang='lat' dir='ltr'>specierum</span> <span class='ocrx_word' id='word_1_282' title='bbox 1395 1679 1443 1710; x_wconf 93' lang='lat' dir='ltr'>in-</span> 
     </span>
     <span class='ocr_line' id='line_1_42' title="bbox 385 1724 1012 1764; baseline 0.002 -10"><span class='ocrx_word' id='word_1_283' title='bbox 385 1724 606 1764; x_wconf 88' lang='lat' dir='ltr'>telligibilium,</span> <span class='ocrx_word' id='word_1_284' title='bbox 632 1733 662 1756; x_wconf 87' lang='lat' dir='ltr'>et</span> <span class='ocrx_word' id='word_1_285' title='bbox 685 1735 750 1756; x_wconf 88' lang='lat' dir='ltr'>non</span> <span class='ocrx_word' id='word_1_286' title='bbox 775 1725 892 1764; x_wconf 90' lang='lat' dir='ltr'>species</span> <span class='ocrx_word' id='word_1_287' title='bbox 915 1725 1012 1764; x_wconf 87' lang='lat' dir='ltr'>ipsae.</span> 
     </span>
    </p>

    <p class='ocr_par' dir='ltr' id='par_1_13' title="bbox 443 1768 1442 1810">
     <span class='ocr_line' id='line_1_43' title="bbox 443 1768 1442 1810; baseline -0.002 -11"><span class='ocrx_word' id='word_1_288' title='bbox 443 1769 493 1799; x_wconf 92' lang='lat' dir='ltr'>Ad</span> <span class='ocrx_word' id='word_1_289' title='bbox 516 1769 576 1799; x_wconf 91' lang='lat' dir='ltr'>hoc</span> <span class='ocrx_word' id='word_1_290' title='bbox 601 1769 713 1810; x_wconf 79' lang='lat' dir='ltr'>dicitur</span> <span class='ocrx_word' id='word_1_291' title='bbox 741 1769 914 1809; x_wconf 90' lang='lat' dir='ltr'>dupliciter.</span> <span class='ocrx_word' id='word_1_292' title='bbox 942 1769 1064 1805; x_wconf 90' lang='lat' dir='ltr'>Primo,</span> <span class='ocrx_word' id='word_1_293' title='bbox 1090 1768 1164 1809; x_wconf 92' lang='lat' dir='ltr'>quia</span> <span class='ocrx_word' id='word_1_294' title='bbox 1188 1768 1328 1798; x_wconf 86' lang='lat' dir='ltr'>doctrina</span> <span class='ocrx_word' id='word_1_295' title='bbox 1355 1774 1442 1798; x_wconf 85' lang='lat' dir='ltr'>tanto</span> 
     </span>
    </p>
   </div>
   <div class='ocr_carea' id='block_1_9' title="bbox 148 1073 359 1122">
    <p class='ocr_par' dir='ltr' id='par_1_14' title="bbox 148 1073 359 1122">
     <span class='ocr_line' id='line_1_44' title="bbox 150 1073 359 1095; baseline -0.005 0"><span class='ocrx_word' id='word_1_296' title='bbox 150 1076 159 1084; x_wconf 91' lang='grc'>·</span> <span class='ocrx_word' id='word_1_297' title='bbox 186 1074 243 1095; x_wconf 86' lang='lat' dir='ltr'>Loc.</span> <span class='ocrx_word' id='word_1_298' title='bbox 274 1073 311 1094; x_wconf 87' lang='lat' dir='ltr'>cit.</span> <span class='ocrx_word' id='word_1_299' title='bbox 336 1073 359 1094; x_wconf 89' lang='lat' dir='ltr'>in</span> 
     </span>
     <span class='ocr_line' id='line_1_45' title="bbox 148 1103 190 1122; baseline 0.024 -1"><span class='ocrx_word' id='word_1_300' title='bbox 148 1103 190 1122; x_wconf 80' lang='lat' dir='ltr'>nrt.</span> 
     </span>
    </p>
   </div>
   <div class='ocr_carea' id='block_1_10' title="bbox 148 1641 357 1722">
    <p class='ocr_par' dir='ltr' id='par_1_15' title="bbox 148 1641 357 1722">
     <span class='ocr_line' id='line_1_46' title="bbox 150 1641 357 1668; baseline 0 -6"><span class='ocrx_word' id='word_1_301' title='bbox 150 1641 220 1668; x_wconf 89' lang='lat' dir='ltr'>Qu.</span> <span class='ocrx_word' id='word_1_302' title='bbox 229 1646 273 1668; x_wconf 79' lang='lat' dir='ltr'>uv,</span> <span class='ocrx_word' id='word_1_303' title='bbox 283 1643 325 1662; x_wconf 83' lang='lat' dir='ltr'>art.</span> <span class='ocrx_word' id='word_1_304' title='bbox 333 1647 357 1668; x_wconf 74' lang='lat'>4,</span> 
     </span>
     <span class='ocr_line' id='line_1_47' title="bbox 148 1698 232 1722; baseline 0.013 -1"><span class='ocrx_word' id='word_1_305' title='bbox 148 1698 232 1722; x_wconf 66' lang='grc' dir='ltr'><strong>118Ψὶ-</strong></span> 
     </span>
    </p>
   </div>
   <div class='ocr_carea' id='block_1_11' title="bbox 1492 886 2558 1808">
    <p class='ocr_par' dir='ltr' id='par_1_16' title="bbox 1493 886 2557 1194">
     <span class='ocr_line' id='line_1_48' title="bbox 1495 886 2556 930; baseline 0.004 -14"><span class='ocrx_word' id='word_1_306' title='bbox 1495 886 1608 917; x_wconf 90' lang='lat' dir='ltr'>certior</span> <span class='ocrx_word' id='word_1_307' title='bbox 1631 893 1686 922; x_wconf 89' lang='lat' dir='ltr'>est,</span> <span class='ocrx_word' id='word_1_308' title='bbox 1703 893 1823 927; x_wconf 82' lang='lat' dir='ltr'>quanto</span> <span class='ocrx_word' id='word_1_309' title='bbox 1844 887 2050 918; x_wconf 82' lang='lat' dir='ltr'>universalior</span> <span class='ocrx_word' id='word_1_310' title='bbox 2069 894 2100 918; x_wconf 91' lang='lat' dir='ltr'>et</span> <span class='ocrx_word' id='word_1_311' title='bbox 2113 888 2265 919; x_wconf 89' lang='lat' dir='ltr'>remotior</span> <span class='ocrx_word' id='word_1_312' title='bbox 2279 890 2316 919; x_wconf 87' lang='lat' dir='ltr'>ab</span> <span class='ocrx_word' id='word_1_313' title='bbox 2340 890 2556 930; x_wconf 90' lang='lat' dir='ltr'>opinionibus,</span> 
     </span>
     <span class='ocr_line' id='line_1_49' title="bbox 1494 930 2557 971; baseline 0.003 -11"><span class='ocrx_word' id='word_1_314' title='bbox 1494 930 1567 960; x_wconf 91' lang='lat' dir='ltr'>ideo</span> <span class='ocrx_word' id='word_1_315' title='bbox 1591 933 1721 966; x_wconf 81' lang='lat' dir='ltr'>Auctor,</span> <span class='ocrx_word' id='word_1_316' title='bbox 1745 931 1971 970; x_wconf 88' lang='lat' dir='ltr'>praetermissis</span> <span class='ocrx_word' id='word_1_317' title='bbox 1987 931 2192 971; x_wconf 89' lang='lat' dir='ltr'>opinionibus</span> <span class='ocrx_word' id='word_1_318' title='bbox 2218 933 2256 963; x_wconf 91' lang='lat' dir='ltr'>de</span> <span class='ocrx_word' id='word_1_319' title='bbox 2280 943 2346 965; x_wconf 90' lang='lat' dir='ltr'>esse</span> <span class='ocrx_word' id='word_1_320' title='bbox 2364 934 2499 971; x_wconf 76' lang='lat' dir='ltr'>habitus,</span> <span class='ocrx_word' id='word_1_321' title='bbox 2516 934 2557 964; x_wconf 90' lang='lat' dir='ltr'>ad</span> 
     </span>
     <span class='ocr_line' id='line_1_50' title="bbox 1494 974 2557 1019; baseline 0.006 -16"><span class='ocrx_word' id='word_1_322' title='bbox 1494 974 1631 1004; x_wconf 88' lang='lat' dir='ltr'>radicem</span> <span class='ocrx_word' id='word_1_323' title='bbox 1660 974 1803 1010; x_wconf 89' lang='lat' dir='ltr'>accessit,</span> <span class='ocrx_word' id='word_1_324' title='bbox 1828 975 1946 1015; x_wconf 89' lang='lat' dir='ltr'>species</span> <span class='ocrx_word' id='word_1_325' title='bbox 1975 975 2092 1006; x_wconf 87' lang='lat' dir='ltr'>scilicet</span> <span class='ocrx_word' id='word_1_326' title='bbox 2121 975 2348 1016; x_wconf 87' lang='lat' dir='ltr'>intelligibiles,</span> <span class='ocrx_word' id='word_1_327' title='bbox 2373 988 2455 1019; x_wconf 87' lang='lat' dir='ltr'>quae</span> <span class='ocrx_word' id='word_1_328' title='bbox 2482 985 2557 1008; x_wconf 89' lang='lat' dir='ltr'>sunt</span> 
     </span>
     <span class='ocr_line' id='line_1_51' title="bbox 1494 1018 2556 1057; baseline 0.006 -10"><span class='ocrx_word' id='word_1_329' title='bbox 1494 1018 1596 1057; x_wconf 89' lang='lat' dir='ltr'>prima</span> <span class='ocrx_word' id='word_1_330' title='bbox 1619 1018 1702 1048; x_wconf 87' lang='lat' dir='ltr'>entia</span> <span class='ocrx_word' id='word_1_331' title='bbox 1725 1018 1757 1048; x_wconf 92' lang='lat' dir='ltr'>in</span> <span class='ocrx_word' id='word_1_332' title='bbox 1780 1018 1951 1055; x_wconf 88' lang='lat' dir='ltr'>intellectu,</span> <span class='ocrx_word' id='word_1_333' title='bbox 1976 1026 2012 1050; x_wconf 92' lang='lat' dir='ltr'>ut</span> <span class='ocrx_word' id='word_1_334' title='bbox 2035 1029 2071 1049; x_wconf 86' lang='lat' dir='ltr'>ex</span> <span class='ocrx_word' id='word_1_335' title='bbox 2094 1019 2155 1050; x_wconf 91' lang='lat' dir='ltr'>illis</span> <span class='ocrx_word' id='word_1_336' title='bbox 2171 1022 2404 1052; x_wconf 84' lang='lat' dir='ltr'>remanentibus</span> <span class='ocrx_word' id='word_1_337' title='bbox 2426 1022 2556 1053; x_wconf 86' lang='lat' dir='ltr'>virtutes</span> 
     </span>
     <span class='ocr_line' id='line_1_52' title="bbox 1493 1061 2556 1097; baseline 0.006 -6"><span class='ocrx_word' id='word_1_338' title='bbox 1493 1061 1717 1092; x_wconf 84' lang='lat' dir='ltr'>intellectuales</span> <span class='ocrx_word' id='word_1_339' title='bbox 1741 1062 1942 1093; x_wconf 90' lang='lat' dir='ltr'>concluderet</span> <span class='ocrx_word' id='word_1_340' title='bbox 1970 1068 2130 1093; x_wconf 80' lang='lat' dir='ltr'>remanere</span> <span class='ocrx_word' id='word_1_341' title='bbox 2160 1064 2342 1096; x_wconf 85' lang='lat' dir='ltr'>formaliter.</span> <span class='ocrx_word' id='word_1_342' title='bbox 2367 1066 2448 1097; x_wconf 90' lang='lat' dir='ltr'>Sunt</span> <span class='ocrx_word' id='word_1_343' title='bbox 2470 1066 2556 1096; x_wconf 89' lang='lat' dir='ltr'>enim</span> 
     </span>
     <span class='ocr_line' id='line_1_53' title="bbox 1494 1106 2557 1145; baseline 0.005 -10"><span class='ocrx_word' id='word_1_344' title='bbox 1494 1106 1647 1145; x_wconf 90' lang='lat' dir='ltr'>principia</span> <span class='ocrx_word' id='word_1_345' title='bbox 1670 1106 1815 1136; x_wconf 79' lang='lat' dir='ltr'>formalia</span> <span class='ocrx_word' id='word_1_346' title='bbox 1830 1107 1935 1137; x_wconf 87' lang='lat' dir='ltr'>omnis</span> <span class='ocrx_word' id='word_1_347' title='bbox 1958 1107 2194 1139; x_wconf 88' lang='lat' dir='ltr'>intellectionis:</span> <span class='ocrx_word' id='word_1_348' title='bbox 2212 1119 2286 1139; x_wconf 88' lang='lat' dir='ltr'>cum</span> <span class='ocrx_word' id='word_1_349' title='bbox 2309 1110 2414 1140; x_wconf 90' lang='lat' dir='ltr'>omnis</span> <span class='ocrx_word' id='word_1_350' title='bbox 2437 1110 2557 1142; x_wconf 87' lang='lat' dir='ltr'>intelle—</span> 
     </span>
     <span class='ocr_line' id='line_1_54' title="bbox 1494 1150 2511 1202; baseline 0.005 -22"><span class='ocrx_word' id='word_1_351' title='bbox 1494 1150 1557 1180; x_wconf 91' lang='lat' dir='ltr'>ctio</span> <span class='ocrx_word' id='word_1_352' title='bbox 1581 1150 1620 1180; x_wconf 88' lang='lat' dir='ltr'>sit</span> <span class='ocrx_word' id='word_1_353' title='bbox 1643 1151 1681 1180; x_wconf 84' lang='lat' dir='ltr'>ab</span> <span class='ocrx_word' id='word_1_354' title='bbox 1705 1150 1865 1181; x_wconf 87' lang='lat' dir='ltr'>intellectu</span> <span class='ocrx_word' id='word_1_355' title='bbox 1888 1151 1920 1181; x_wconf 92' lang='lat' dir='ltr'>in</span> <span class='ocrx_word' id='word_1_356' title='bbox 1944 1158 2015 1182; x_wconf 89' lang='lat' dir='ltr'>actu</span> <span class='ocrx_word' id='word_1_357' title='bbox 2039 1161 2095 1191; x_wconf 92' lang='lat' dir='ltr'>per</span> <span class='ocrx_word' id='word_1_358' title='bbox 2118 1152 2255 1202; x_wconf 83' lang='lat' dir='ltr'>speciem</span> <span class='ocrx_word' id='word_1_359' title='bbox 2273 1153 2511 1194; x_wconf 83' lang='lat' dir='ltr'>intelligibilem.</span> 
     </span>
    </p>

    <p class='ocr_par' dir='ltr' id='par_1_17' title="bbox 1492 1194 2558 1808">
     <span class='ocr_line' id='line_1_55' title="bbox 1552 1194 2556 1238; baseline 0.005 -14"><span class='ocrx_word' id='word_1_360' title='bbox 1552 1194 1698 1225; x_wconf 91' lang='lat' dir='ltr'>Secundo</span> <span class='ocrx_word' id='word_1_361' title='bbox 1722 1195 1835 1225; x_wconf 89' lang='lat' dir='ltr'>dicitur</span> <span class='ocrx_word' id='word_1_362' title='bbox 1849 1195 1947 1235; x_wconf 92' lang='lat' dir='ltr'>quod</span> <span class='ocrx_word' id='word_1_363' title='bbox 1954 1198 2075 1226; x_wconf 84' lang='lat' dir='ltr'>Auctor</span> <span class='ocrx_word' id='word_1_364' title='bbox 2098 1196 2204 1227; x_wconf 89' lang='lat' dir='ltr'>minus</span> <span class='ocrx_word' id='word_1_365' title='bbox 2220 1197 2304 1234; x_wconf 89' lang='lat' dir='ltr'>dicit,</span> <span class='ocrx_word' id='word_1_366' title='bbox 2321 1205 2351 1228; x_wconf 91' lang='lat' dir='ltr'>et</span> <span class='ocrx_word' id='word_1_367' title='bbox 2366 1198 2462 1238; x_wconf 82' lang='lat' dir='ltr'>plus&#39;</span> <span class='ocrx_word' id='word_1_368' title='bbox 2454 1205 2556 1229; x_wconf 84' lang='lat' dir='ltr'>inten-</span> 
     </span>
     <span class='ocr_line' id='line_1_56' title="bbox 1493 1238 2556 1283; baseline 0.005 -15"><span class='ocrx_word' id='word_1_369' title='bbox 1493 1238 1547 1269; x_wconf 91' lang='lat' dir='ltr'>dit.</span> <span class='ocrx_word' id='word_1_370' title='bbox 1571 1239 1655 1268; x_wconf 85' lang='lat' dir='ltr'>Nam</span> <span class='ocrx_word' id='word_1_371' title='bbox 1677 1249 1732 1278; x_wconf 91' lang='lat' dir='ltr'>per</span> <span class='ocrx_word' id='word_1_372' title='bbox 1756 1239 1874 1279; x_wconf 89' lang='lat' dir='ltr'>species</span> <span class='ocrx_word' id='word_1_373' title='bbox 1897 1239 2107 1280; x_wconf 89' lang='lat' dir='ltr'>intelligibiles</span> <span class='ocrx_word' id='word_1_374' title='bbox 2131 1241 2277 1281; x_wconf 87' lang='lat' dir='ltr'>intelligit</span> <span class='ocrx_word' id='word_1_375' title='bbox 2299 1242 2393 1282; x_wconf 84' lang='lat' dir='ltr'>ipsas,</span> <span class='ocrx_word' id='word_1_376' title='bbox 2419 1249 2449 1273; x_wconf 90' lang='lat' dir='ltr'>et</span> <span class='ocrx_word' id='word_1_377' title='bbox 2464 1241 2556 1283; x_wconf 89' lang='lat' dir='ltr'>quid-</span> 
     </span>
     <span class='ocr_line' id='line_1_57' title="bbox 1492 1282 2555 1324; baseline 0.004 -12"><span class='ocrx_word' id='word_1_378' title='bbox 1492 1282 1571 1323; x_wconf 88' lang='lat' dir='ltr'>quid</span> <span class='ocrx_word' id='word_1_379' title='bbox 1594 1293 1626 1312; x_wconf 90' lang='lat' dir='ltr'>se</span> <span class='ocrx_word' id='word_1_380' title='bbox 1650 1290 1734 1313; x_wconf 87' lang='lat' dir='ltr'>tenet</span> <span class='ocrx_word' id='word_1_381' title='bbox 1758 1294 1794 1313; x_wconf 85' lang='lat' dir='ltr'>ex</span> <span class='ocrx_word' id='word_1_382' title='bbox 1818 1291 1904 1323; x_wconf 87' lang='lat' dir='ltr'>parte</span> <span class='ocrx_word' id='word_1_383' title='bbox 1928 1284 2079 1324; x_wconf 85' lang='lat' dir='ltr'>ipsarum,</span> <span class='ocrx_word' id='word_1_384' title='bbox 2100 1284 2165 1315; x_wconf 89' lang='lat' dir='ltr'>sive</span> <span class='ocrx_word' id='word_1_385' title='bbox 2188 1285 2227 1316; x_wconf 87' lang='lat' dir='ltr'>sit</span> <span class='ocrx_word' id='word_1_386' title='bbox 2250 1285 2407 1316; x_wconf 87' lang='lat' dir='ltr'>ordinatio</span> <span class='ocrx_word' id='word_1_387' title='bbox 2435 1296 2555 1323; x_wconf 84' lang='lat' dir='ltr'>earum,</span> 
     </span>
     <span class='ocr_line' id='line_1_58' title="bbox 1493 1326 2554 1371; baseline 0.005 -15"><span class='ocrx_word' id='word_1_388' title='bbox 1493 1326 1558 1356; x_wconf 89' lang='lat' dir='ltr'>sive</span> <span class='ocrx_word' id='word_1_389' title='bbox 1582 1326 1621 1357; x_wconf 90' lang='lat' dir='ltr'>sit</span> <span class='ocrx_word' id='word_1_390' title='bbox 1642 1327 1786 1358; x_wconf 88' lang='lat' dir='ltr'>habilitas</span> <span class='ocrx_word' id='word_1_391' title='bbox 1810 1328 1850 1358; x_wconf 84' lang='lat' dir='ltr'>ad</span> <span class='ocrx_word' id='word_1_392' title='bbox 1873 1329 2030 1359; x_wconf 90' lang='lat' dir='ltr'>utendum</span> <span class='ocrx_word' id='word_1_393' title='bbox 2053 1329 2106 1365; x_wconf 92' lang='lat' dir='ltr'>eis,</span> <span class='ocrx_word' id='word_1_394' title='bbox 2124 1329 2188 1359; x_wconf 89' lang='lat' dir='ltr'>sive</span> <span class='ocrx_word' id='word_1_395' title='bbox 2208 1330 2437 1371; x_wconf 89' lang='lat' dir='ltr'>quodcumque</span> <span class='ocrx_word' id='word_1_396' title='bbox 2453 1330 2554 1361; x_wconf 85' lang='lat' dir='ltr'>aliud:</span> 
     </span>
     <span class='ocr_line' id='line_1_59' title="bbox 1492 1371 2557 1405; baseline 0.004 -4"><span class='ocrx_word' id='word_1_397' title='bbox 1492 1377 1598 1402; x_wconf 90' lang='lat' dir='ltr'>totum</span> <span class='ocrx_word' id='word_1_398' title='bbox 1621 1371 1707 1401; x_wconf 91' lang='lat' dir='ltr'>enim</span> <span class='ocrx_word' id='word_1_399' title='bbox 1730 1372 1791 1402; x_wconf 92' lang='lat' dir='ltr'>hoc</span> <span class='ocrx_word' id='word_1_400' title='bbox 1815 1372 1847 1402; x_wconf 93' lang='lat' dir='ltr'>in</span> <span class='ocrx_word' id='word_1_401' title='bbox 1870 1372 2039 1403; x_wconf 88' lang='lat' dir='ltr'>virtutibus</span> <span class='ocrx_word' id='word_1_402' title='bbox 2062 1373 2326 1404; x_wconf 88' lang='lat' dir='ltr'>intellectualibus</span> <span class='ocrx_word' id='word_1_403' title='bbox 2354 1381 2440 1405; x_wconf 88' lang='lat' dir='ltr'>tenet</span> <span class='ocrx_word' id='word_1_404' title='bbox 2463 1385 2496 1405; x_wconf 91' lang='lat' dir='ltr'>se</span> <span class='ocrx_word' id='word_1_405' title='bbox 2519 1384 2557 1405; x_wconf 84' lang='lat' dir='ltr'>ex</span> 
     </span>
     <span class='ocr_line' id='line_1_60' title="bbox 1493 1414 2556 1458; baseline 0.004 -13"><span class='ocrx_word' id='word_1_406' title='bbox 1493 1421 1580 1455; x_wconf 86' lang='lat' dir='ltr'>parte</span> <span class='ocrx_word' id='word_1_407' title='bbox 1596 1414 1753 1452; x_wconf 83' lang='lat' dir='ltr'>formalis;</span> <span class='ocrx_word' id='word_1_408' title='bbox 1774 1423 1804 1447; x_wconf 88' lang='lat' dir='ltr'>et</span> <span class='ocrx_word' id='word_1_409' title='bbox 1820 1416 2048 1456; x_wconf 87' lang='lat' dir='ltr'>phantasmata,</span> <span class='ocrx_word' id='word_1_410' title='bbox 2066 1427 2139 1448; x_wconf 90' lang='lat' dir='ltr'>curn</span> <span class='ocrx_word' id='word_1_411' title='bbox 2156 1418 2384 1458; x_wconf 89' lang='lat' dir='ltr'>pertinentibus</span> <span class='ocrx_word' id='word_1_412' title='bbox 2400 1419 2440 1449; x_wconf 89' lang='lat' dir='ltr'>ad</span> <span class='ocrx_word' id='word_1_413' title='bbox 2456 1429 2502 1455; x_wconf 85' lang='lat' dir='ltr'>ea,</span> <span class='ocrx_word' id='word_1_414' title='bbox 2519 1428 2556 1449; x_wconf 86' lang='lat' dir='ltr'>ex</span> 
     </span>
     <span class='ocr_line' id='line_1_61' title="bbox 1493 1459 2556 1503; baseline 0.004 -14"><span class='ocrx_word' id='word_1_415' title='bbox 1493 1465 1580 1499; x_wconf 85' lang='lat' dir='ltr'>parte</span> <span class='ocrx_word' id='word_1_416' title='bbox 1604 1459 1782 1491; x_wconf 85' lang='lat' dir='ltr'>materialis.</span> <span class='ocrx_word' id='word_1_417' title='bbox 1806 1460 2004 1491; x_wconf 87' lang='lat' dir='ltr'>Rationabile</span> <span class='ocrx_word' id='word_1_418' title='bbox 2027 1467 2074 1492; x_wconf 90' lang='lat' dir='ltr'>est</span> <span class='ocrx_word' id='word_1_419' title='bbox 2096 1468 2204 1503; x_wconf 84' lang='lat' dir='ltr'>autem</span> <span class='ocrx_word' id='word_1_420' title='bbox 2227 1462 2270 1493; x_wconf 91' lang='lat' dir='ltr'>sic</span> <span class='ocrx_word' id='word_1_421' title='bbox 2290 1473 2447 1502; x_wconf 85' lang='lat' dir='ltr'>exponere</span> <span class='ocrx_word' id='word_1_422' title='bbox 2469 1463 2556 1494; x_wconf 88' lang='lat' dir='ltr'>hunc</span> 
     </span>
     <span class='ocr_line' id='line_1_62' title="bbox 1493 1504 2556 1545; baseline 0.005 -12"><span class='ocrx_word' id='word_1_423' title='bbox 1493 1504 1619 1534; x_wconf 85' lang='lat' dir='ltr'>locum:</span> <span class='ocrx_word' id='word_1_424' title='bbox 1650 1504 1804 1544; x_wconf 88' lang='lat' dir='ltr'>quoniam</span> <span class='ocrx_word' id='word_1_425' title='bbox 1832 1505 1975 1545; x_wconf 84' lang='lat' dir='ltr'>quaestio</span> <span class='ocrx_word' id='word_1_426' title='bbox 2004 1512 2050 1535; x_wconf 90' lang='lat' dir='ltr'>est</span> <span class='ocrx_word' id='word_1_427' title='bbox 2078 1506 2115 1536; x_wconf 92' lang='lat' dir='ltr'>de</span> <span class='ocrx_word' id='word_1_428' title='bbox 2143 1506 2310 1537; x_wconf 88' lang='lat' dir='ltr'>virtutibus</span> <span class='ocrx_word' id='word_1_429' title='bbox 2333 1507 2365 1537; x_wconf 93' lang='lat' dir='ltr'>in</span> <span class='ocrx_word' id='word_1_430' title='bbox 2391 1507 2496 1537; x_wconf 88' lang='lat' dir='ltr'>anima</span> <span class='ocrx_word' id='word_1_431' title='bbox 2519 1514 2556 1538; x_wconf 92' lang='lat' dir='ltr'>ut</span> 
     </span>
     <span class='ocr_line' id='line_1_63' title="bbox 1493 1548 2555 1591; baseline 0.005 -14"><span class='ocrx_word' id='word_1_432' title='bbox 1493 1554 1654 1587; x_wconf 86' lang='lat' dir='ltr'>separatur</span> <span class='ocrx_word' id='word_1_433' title='bbox 1669 1558 1686 1578; x_wconf 88' lang='lat' dir='ltr'>a</span> <span class='ocrx_word' id='word_1_434' title='bbox 1703 1557 1849 1588; x_wconf 86' lang='lat' dir='ltr'>corpore;</span> <span class='ocrx_word' id='word_1_435' title='bbox 1871 1559 1907 1579; x_wconf 88' lang='lat' dir='ltr'>ac</span> <span class='ocrx_word' id='word_1_436' title='bbox 1923 1558 1978 1588; x_wconf 89' lang='lat' dir='ltr'>per</span> <span class='ocrx_word' id='word_1_437' title='bbox 1992 1548 2064 1585; x_wconf 93' lang='lat' dir='ltr'>hoc,</span> <span class='ocrx_word' id='word_1_438' title='bbox 2082 1549 2238 1590; x_wconf 91' lang='lat' dir='ltr'>quidquid</span> <span class='ocrx_word' id='word_1_439' title='bbox 2261 1561 2294 1581; x_wconf 88' lang='lat' dir='ltr'>se</span> <span class='ocrx_word' id='word_1_440' title='bbox 2317 1557 2402 1582; x_wconf 91' lang='lat' dir='ltr'>tenet</span> <span class='ocrx_word' id='word_1_441' title='bbox 2416 1561 2454 1581; x_wconf 85' lang='lat' dir='ltr'>ex</span> <span class='ocrx_word' id='word_1_442' title='bbox 2467 1558 2555 1591; x_wconf 82' lang='lat' dir='ltr'>parte</span> 
     </span>
     <span class='ocr_line' id='line_1_64' title="bbox 1493 1591 2556 1635; baseline 0.004 -14"><span class='ocrx_word' id='word_1_443' title='bbox 1493 1591 1627 1628; x_wconf 85' lang='lat' dir='ltr'>animae,</span> <span class='ocrx_word' id='word_1_444' title='bbox 1648 1599 1852 1632; x_wconf 87' lang='lat' dir='ltr'>computatur</span> <span class='ocrx_word' id='word_1_445' title='bbox 1874 1603 1932 1633; x_wconf 92' lang='lat' dir='ltr'>pro</span> <span class='ocrx_word' id='word_1_446' title='bbox 1954 1603 2029 1629; x_wconf 91' lang='lat' dir='ltr'>uno,</span> <span class='ocrx_word' id='word_1_447' title='bbox 2054 1600 2085 1624; x_wconf 91' lang='lat' dir='ltr'>et</span> <span class='ocrx_word' id='word_1_448' title='bbox 2107 1593 2247 1630; x_wconf 89' lang='lat' dir='ltr'>formali;</span> <span class='ocrx_word' id='word_1_449' title='bbox 2272 1594 2430 1635; x_wconf 89' lang='lat' dir='ltr'>quidquid</span> <span class='ocrx_word' id='word_1_450' title='bbox 2447 1601 2556 1626; x_wconf 82' lang='lat' dir='ltr'>autem</span> 
     </span>
     <span class='ocr_line' id='line_1_65' title="bbox 1494 1636 2556 1676; baseline 0.004 -11"><span class='ocrx_word' id='word_1_451' title='bbox 1494 1645 1531 1666; x_wconf 87' lang='lat' dir='ltr'>ex</span> <span class='ocrx_word' id='word_1_452' title='bbox 1554 1642 1641 1676; x_wconf 86' lang='lat' dir='ltr'>parte</span> <span class='ocrx_word' id='word_1_453' title='bbox 1665 1636 1825 1676; x_wconf 88' lang='lat' dir='ltr'>corporis,</span> <span class='ocrx_word' id='word_1_454' title='bbox 1849 1646 1907 1676; x_wconf 92' lang='lat' dir='ltr'>pro</span> <span class='ocrx_word' id='word_1_455' title='bbox 1932 1637 1994 1666; x_wconf 89' lang='lat' dir='ltr'>alio</span> <span class='ocrx_word' id='word_1_456' title='bbox 2019 1646 2101 1673; x_wconf 88' lang='lat' dir='ltr'>uno,</span> <span class='ocrx_word' id='word_1_457' title='bbox 2126 1644 2156 1667; x_wconf 93' lang='lat' dir='ltr'>et</span> <span class='ocrx_word' id='word_1_458' title='bbox 2183 1637 2346 1668; x_wconf 81' lang='lat' dir='ltr'>materiali.</span> <span class='ocrx_word' id='word_1_459' title='bbox 2369 1638 2556 1669; x_wconf 74' lang='lat' dir='ltr'>Nominavit</span> 
     </span>
     <span class='ocr_line' id='line_1_66' title="bbox 1494 1679 2556 1722; baseline 0.004 -13"><span class='ocrx_word' id='word_1_460' title='bbox 1494 1687 1601 1710; x_wconf 86' lang='lat' dir='ltr'>autem</span> <span class='ocrx_word' id='word_1_461' title='bbox 1621 1686 1726 1710; x_wconf 89' lang='lat' dir='ltr'>totum</span> <span class='ocrx_word' id='word_1_462' title='bbox 1745 1679 1824 1710; x_wconf 91' lang='lat' dir='ltr'>illud</span> <span class='ocrx_word' id='word_1_463' title='bbox 1847 1680 1980 1710; x_wconf 87' lang='lat' dir='ltr'>formale</span> <span class='ocrx_word' id='word_1_464' title='bbox 2004 1690 2021 1710; x_wconf 90' lang='lat' dir='ltr'>a</span> <span class='ocrx_word' id='word_1_465' title='bbox 2045 1681 2208 1720; x_wconf 90' lang='lat' dir='ltr'>speciebus</span> <span class='ocrx_word' id='word_1_466' title='bbox 2228 1681 2486 1722; x_wconf 84' lang='lat' dir='ltr'>intelligibilibus,</span> <span class='ocrx_word' id='word_1_467' title='bbox 2506 1689 2556 1713; x_wconf 86' lang='lat' dir='ltr'>ut-</span> 
     </span>
     <span class='ocr_line' id='line_1_67' title="bbox 1494 1723 2558 1763; baseline 0.004 -10"><span class='ocrx_word' id='word_1_468' title='bbox 1494 1731 1568 1763; x_wconf 87' lang='lat' dir='ltr'>pote</span> <span class='ocrx_word' id='word_1_469' title='bbox 1584 1723 1777 1759; x_wconf 88' lang='lat' dir='ltr'>certioribus,</span> <span class='ocrx_word' id='word_1_470' title='bbox 1794 1723 1951 1763; x_wconf 88' lang='lat' dir='ltr'>prioribus</span> <span class='ocrx_word' id='word_1_471' title='bbox 1967 1731 1997 1754; x_wconf 92' lang='lat' dir='ltr'>et</span> <span class='ocrx_word' id='word_1_472' title='bbox 2016 1723 2251 1756; x_wconf 89' lang='lat' dir='ltr'>formalioribus</span> <span class='ocrx_word' id='word_1_473' title='bbox 2267 1726 2445 1757; x_wconf 86' lang='lat' dir='ltr'>secundum</span> <span class='ocrx_word' id='word_1_474' title='bbox 2458 1734 2558 1758; x_wconf 76' lang='lat' dir='ltr'>suum</span> 
     </span>
     <span class='ocr_line' id='line_1_68' title="bbox 1495 1778 1604 1808; baseline 0 -10"><span class='ocrx_word' id='word_1_475' title='bbox 1495 1778 1604 1808; x_wconf 83' lang='lat' dir='ltr'>genuS.</span> 
     </span>
    </p>
   </div>
   <div class='ocr_carea' id='block_1_12' title="bbox 998 1912 1935 2032">
    <p class='ocr_par' dir='ltr' id='par_1_18' title="bbox 998 1912 1935 2032">
     <span class='ocr_line' id='line_1_69' title="bbox 1184 1912 1754 1954; baseline 0.002 -1"><span class='ocrx_word' id='word_1_476' title='bbox 1184 1912 1500 1954; x_wconf 87' lang='lat' dir='ltr'>ARTICULUS</span> <span class='ocrx_word' id='word_1_477' title='bbox 1527 1912 1754 1954; x_wconf 89' lang='lat' dir='ltr'>TERTIUS</span> 
     </span>
     <span class='ocr_line' id='line_1_70' title="bbox 998 2000 1935 2032; baseline 0 0"><span class='ocrx_word' id='word_1_478' title='bbox 998 2001 1153 2032; x_wconf 87' lang='lat' dir='ltr'>UTRUM</span> <span class='ocrx_word' id='word_1_479' title='bbox 1176 2000 1297 2031; x_wconf 77' lang='lat' dir='ltr'>FinEs</span> <span class='ocrx_word' id='word_1_480' title='bbox 1320 2001 1503 2031; x_wconf 81' lang='lat' dir='ltr'><strong>MANEAT</strong></span> <span class='ocrx_word' id='word_1_481' title='bbox 1524 2001 1634 2032; x_wconf 86' lang='lat' dir='ltr'>POST</span> <span class='ocrx_word' id='word_1_482' title='bbox 1658 2001 1778 2032; x_wconf 84' lang='lat' dir='ltr'>HANG</span> <span class='ocrx_word' id='word_1_483' title='bbox 1797 2002 1935 2032; x_wconf 85' lang='lat' dir='ltr'><strong>VITAM</strong></span> 
     </span>
    </p>
   </div>
   <div class='ocr_carea' id='block_1_13' title="bbox 683 2071 2245 2104">
    <p class='ocr_par' dir='ltr' id='par_1_19' title="bbox 683 2071 2245 2104">
     <span class='ocr_line' id='line_1_71' title="bbox 683 2071 2245 2104; baseline 0.001 -8"><span class='ocrx_word' id='word_1_484' title='bbox 683 2072 714 2096; x_wconf 75' lang='grc' dir='ltr'>ΙΙ·</span> <span class='ocrx_word' id='word_1_485' title='bbox 734 2071 785 2101; x_wconf 80' lang='grc' dir='ltr'>ῙΙ““’,</span> <span class='ocrx_word' id='word_1_486' title='bbox 806 2079 849 2104; x_wconf 90' lang='lat' dir='ltr'>qu.</span> <span class='ocrx_word' id='word_1_487' title='bbox 862 2079 895 2100; x_wconf 81' lang='grc' dir='ltr'>ιν,</span> <span class='ocrx_word' id='word_1_488' title='bbox 915 2077 961 2096; x_wconf 84' lang='lat' dir='ltr'>art.</span> <span class='ocrx_word' id='word_1_489' title='bbox 973 2078 999 2103; x_wconf 88' lang='lat'>4,</span> <span class='ocrx_word' id='word_1_490' title='bbox 1019 2071 1050 2095; x_wconf 89' lang='lat' dir='ltr'>ad</span> <span class='ocrx_word' id='word_1_491' title='bbox 1073 2079 1098 2102; x_wconf 83' lang='lat'>¹3</span> <span class='ocrx_word' id='word_1_492' title='bbox 1118 2071 1149 2095; x_wconf 93' lang='lat' dir='ltr'>III</span> <span class='ocrx_word' id='word_1_493' title='bbox 1168 2071 1254 2099; x_wconf 72' lang='lat' dir='ltr'>Sent„</span> <span class='ocrx_word' id='word_1_494' title='bbox 1272 2071 1330 2096; x_wconf 86' lang='lat' dir='ltr'>dist.</span> <span class='ocrx_word' id='word_1_495' title='bbox 1344 2078 1413 2102; x_wconf 80' lang='lat' dir='ltr'>xxxi,</span> <span class='ocrx_word' id='word_1_496' title='bbox 1433 2078 1478 2103; x_wconf 92' lang='lat' dir='ltr'>qu.</span> <span class='ocrx_word' id='word_1_497' title='bbox 1492 2078 1523 2100; x_wconf 88' lang='lat'>11,</span> <span class='ocrx_word' id='word_1_498' title='bbox 1543 2076 1589 2096; x_wconf 80' lang='lat' dir='ltr'>art.</span> <span class='ocrx_word' id='word_1_499' title='bbox 1607 2079 1629 2102; x_wconf 83' lang='grc' dir='ltr'>ι,</span> <span class='ocrx_word' id='word_1_500' title='bbox 1648 2074 1694 2104; x_wconf 84' lang='lat' dir='ltr'>qu·</span> <span class='ocrx_word' id='word_1_501' title='bbox 1714 2079 1736 2102; x_wconf 75' lang='lat'>13</span> <span class='ocrx_word' id='word_1_502' title='bbox 1757 2072 1799 2096; x_wconf 86' lang='lat' dir='ltr'>De</span> <span class='ocrx_word' id='word_1_503' title='bbox 1821 2071 1927 2102; x_wconf 70' lang='lat' dir='ltr'>Virtut„</span> <span class='ocrx_word' id='word_1_504' title='bbox 1947 2079 1991 2104; x_wconf 75' lang='lat' dir='ltr'>qu.</span> <span class='ocrx_word' id='word_1_505' title='bbox 2002 2079 2027 2103; x_wconf 79' lang='lat' dir='ltr'>V,</span> <span class='ocrx_word' id='word_1_506' title='bbox 2047 2077 2093 2097; x_wconf 75' lang='lat' dir='ltr'>art.</span> <span class='ocrx_word' id='word_1_507' title='bbox 2106 2080 2133 2104; x_wconf 92' lang='lat'>4,</span> <span class='ocrx_word' id='word_1_508' title='bbox 2152 2073 2184 2098; x_wconf 84' lang='lat' dir='ltr'>ad</span> <span class='ocrx_word' id='word_1_509' title='bbox 2207 2080 2245 2098; x_wconf 87' lang='lat'>10.</span> 
     </span>
    </p>
   </div>
   <div class='ocr_carea' id='block_1_14' title="bbox 378 2153 590 2320">
    <p class='ocr_par' dir='ltr' id='par_1_20' title="bbox 378 2153 590 2320">
     <span class='ocr_line' id='line_1_72' title="bbox 378 2153 590 2320; baseline 0.033 -88"><span class='ocrx_word' id='word_1_510' title='bbox 378 2153 590 2320; x_wconf 95' lang='lat' dir='ltr'>   </span> 
     </span>
    </p>
   </div>
   <div class='ocr_carea' id='block_1_15' title="bbox 141 2148 1442 3414">
    <p class='ocr_par' dir='ltr' id='par_1_21' title="bbox 384 2148 1439 2408">
     <span class='ocr_line' id='line_1_73' title="bbox 414 2148 1437 2209; baseline -0.001 -23"><span class='ocrx_word' id='word_1_511' title='bbox 414 2165 481 2209; x_wconf 51' lang='lat'>225&amp;</span> <span class='ocrx_word' id='word_1_512' title='bbox 496 2169 552 2203; x_wconf 37' lang='grc' dir='ltr'>«μ</span> <span class='ocrx_word' id='word_1_513' title='bbox 593 2161 615 2186; x_wconf 85' lang='lat' dir='ltr'>D</span> <span class='ocrx_word' id='word_1_514' title='bbox 638 2161 796 2186; x_wconf 75' lang='lat' dir='ltr'>TERTmM</span> <span class='ocrx_word' id='word_1_515' title='bbox 816 2161 869 2186; x_wconf 79' lang='lat' dir='ltr'>sxc</span> <span class='ocrx_word' id='word_1_516' title='bbox 888 2160 1125 2186; x_wconf 70' lang='lat' dir='ltr'>Paocamrua.</span> <span class='ocrx_word' id='word_1_517' title='bbox 1152 2148 1310 2186; x_wconf 89' lang='lat' dir='ltr'>Videtur</span> <span class='ocrx_word' id='word_1_518' title='bbox 1333 2148 1437 2196; x_wconf 92' lang='lat' dir='ltr'>quod</span> 
     </span>
     <span class='ocr_line' id='line_1_74' title="bbox 408 2173 1439 2264; baseline 0 -26"><span class='ocrx_word' id='word_1_519' title='bbox 408 2173 570 2264; x_wconf 33' lang='lat' dir='ltr'>{jz}</span> <span class='ocrx_word' id='word_1_520' title='bbox 591 2202 688 2239; x_wconf 93' lang='lat' dir='ltr'>fides</span> <span class='ocrx_word' id='word_1_521' title='bbox 706 2209 858 2239; x_wconf 88' lang='lat' dir='ltr'>maneat</span> <span class='ocrx_word' id='word_1_522' title='bbox 876 2209 963 2250; x_wconf 92' lang='lat' dir='ltr'>post</span> <span class='ocrx_word' id='word_1_523' title='bbox 981 2203 1080 2239; x_wconf 92' lang='lat' dir='ltr'>hanc</span> <span class='ocrx_word' id='word_1_524' title='bbox 1102 2202 1233 2239; x_wconf 87' lang='lat' dir='ltr'>vitam.</span> <span class='ocrx_word' id='word_1_525' title='bbox 1263 2201 1439 2238; x_wconf 93' lang='lat' dir='ltr'>Nobilior</span> 
     </span>
     <span class='ocr_line' id='line_1_75' title="bbox 399 2247 1439 2305; baseline 0 -14"><span class='ocrx_word' id='word_1_526' title='bbox 399 2252 447 2303; x_wconf 99' lang='lat'><em>5</em></span> <span class='ocrx_word' id='word_1_527' title='bbox 460 2271 519 2301; x_wconf 33' lang='lat' dir='ltr'>vr,</span> <span class='ocrx_word' id='word_1_528' title='bbox 533 2247 581 2305; x_wconf 60' lang='lat'>²(</span> <span class='ocrx_word' id='word_1_529' title='bbox 594 2255 693 2292; x_wconf 88' lang='lat' dir='ltr'>enim</span> <span class='ocrx_word' id='word_1_530' title='bbox 713 2262 768 2291; x_wconf 90' lang='lat' dir='ltr'>est</span> <span class='ocrx_word' id='word_1_531' title='bbox 785 2255 882 2292; x_wconf 88' lang='lat' dir='ltr'>fides</span> <span class='ocrx_word' id='word_1_532' title='bbox 902 2267 1019 2302; x_wconf 87' lang='lat' dir='ltr'>quam</span> <span class='ocrx_word' id='word_1_533' title='bbox 1039 2254 1203 2291; x_wconf 91' lang='lat' dir='ltr'>scientia.</span> <span class='ocrx_word' id='word_1_534' title='bbox 1225 2256 1302 2292; x_wconf 89' lang='lat' dir='ltr'>Sed</span> <span class='ocrx_word' id='word_1_535' title='bbox 1321 2254 1439 2291; x_wconf 89' lang='lat' dir='ltr'>scien-</span> 
     </span>
     <span class='ocr_line' id='line_1_76' title="bbox 389 2276 1438 2356; baseline 0 -12"><span class='ocrx_word' id='word_1_536' title='bbox 389 2318 399 2330; x_wconf 82' lang='lat'><em>¹</em></span> <span class='ocrx_word' id='word_1_537' title='bbox 438 2276 581 2344; x_wconf 48' lang='lat' dir='ltr'>“QX</span> <span class='ocrx_word' id='word_1_538' title='bbox 592 2308 642 2345; x_wconf 89' lang='lat' dir='ltr'>tia</span> <span class='ocrx_word' id='word_1_539' title='bbox 670 2315 799 2344; x_wconf 86' lang='lat' dir='ltr'>manet</span> <span class='ocrx_word' id='word_1_540' title='bbox 826 2315 912 2356; x_wconf 92' lang='lat' dir='ltr'>post</span> <span class='ocrx_word' id='word_1_541' title='bbox 939 2308 1037 2344; x_wconf 91' lang='lat' dir='ltr'>hanc</span> <span class='ocrx_word' id='word_1_542' title='bbox 1063 2308 1191 2355; x_wconf 89' lang='lat' dir='ltr'>vitam,</span> <span class='ocrx_word' id='word_1_543' title='bbox 1220 2315 1262 2344; x_wconf 92' lang='lat' dir='ltr'>ut</span> <span class='ocrx_word' id='word_1_544' title='bbox 1295 2307 1438 2344; x_wconf 88' lang='lat' dir='ltr'>dictum</span> 
     </span>
     <span class='ocr_line' id='line_1_77' title="bbox 384 2360 874 2408; baseline -0.002 -11"><span class='ocrx_word' id='word_1_545' title='bbox 384 2367 439 2397; x_wconf 88' lang='lat' dir='ltr'>est</span> <span class='ocrx_word' id='word_1_546' title='bbox 457 2360 488 2396; x_wconf 61' lang='lat'>³⁸.</span> <span class='ocrx_word' id='word_1_547' title='bbox 518 2360 619 2408; x_wconf 90' lang='lat' dir='ltr'>Ergo</span> <span class='ocrx_word' id='word_1_548' title='bbox 649 2367 685 2396; x_wconf 90' lang='lat' dir='ltr'>et</span> <span class='ocrx_word' id='word_1_549' title='bbox 711 2360 820 2397; x_wconf 90' lang='lat' dir='ltr'>fides.</span> <span class='ocrx_word' id='word_1_550' title='bbox 871 2366 874 2369; x_wconf 76' lang='grc'><strong><em>’</em></strong></span> 
     </span>
    </p>

    <p class='ocr_par' dir='ltr' id='par_1_22' title="bbox 376 2412 1442 2726">
     <span class='ocr_line' id='line_1_78' title="bbox 437 2412 1440 2460; baseline 0 -11"><span class='ocrx_word' id='word_1_551' title='bbox 437 2424 472 2449; x_wconf 89' lang='lat'>2.</span> <span class='ocrx_word' id='word_1_552' title='bbox 501 2414 733 2459; x_wconf 62' lang='lat' dir='ltr'>Pmmmm,</span> <span class='ocrx_word' id='word_1_553' title='bbox 764 2414 777 2449; x_wconf 94' lang='lat' dir='ltr'>I</span> <span class='ocrx_word' id='word_1_554' title='bbox 804 2413 855 2449; x_wconf 87' lang='lat' dir='ltr'>ad</span> <span class='ocrx_word' id='word_1_555' title='bbox 885 2413 971 2450; x_wconf 90' lang='lat' dir='ltr'>Cor.</span> <span class='ocrx_word' id='word_1_556' title='bbox 993 2425 1028 2450; x_wconf 92' lang='lat'>111</span> <span class='ocrx_word' id='word_1_557' title='bbox 1047 2413 1078 2460; x_wconf 66' lang='lat'>³¹³,</span> <span class='ocrx_word' id='word_1_558' title='bbox 1110 2412 1260 2449; x_wconf 84' lang='lat' dir='ltr'>dicitur:</span> <span class='ocrx_word' id='word_1_559' title='bbox 1290 2413 1440 2449; x_wconf 80' lang='lat' dir='ltr'>Funda-</span> 
     </span>
     <span class='ocr_line' id='line_1_79' title="bbox 383 2466 1442 2514; baseline 0 -12"><span class='ocrx_word' id='word_1_560' title='bbox 383 2471 548 2502; x_wconf 88' lang='lat' dir='ltr'>mentum</span> <span class='ocrx_word' id='word_1_561' title='bbox 567 2466 672 2503; x_wconf 85' lang='lat' dir='ltr'>aliud</span> <span class='ocrx_word' id='word_1_562' title='bbox 689 2477 797 2502; x_wconf 85' lang='lat' dir='ltr'>nemo</span> <span class='ocrx_word' id='word_1_563' title='bbox 810 2471 933 2513; x_wconf 79' lang='lat' dir='ltr'>potest</span> <span class='ocrx_word' id='word_1_564' title='bbox 943 2477 1099 2513; x_wconf 85' lang='lat' dir='ltr'>ponere,</span> <span class='ocrx_word' id='word_1_565' title='bbox 1113 2471 1268 2513; x_wconf 85' lang='lat' dir='ltr'>praeter</span> <span class='ocrx_word' id='word_1_566' title='bbox 1286 2466 1325 2502; x_wconf 83' lang='lat' dir='ltr'>id</span> <span class='ocrx_word' id='word_1_567' title='bbox 1342 2466 1442 2514; x_wconf 87' lang='lat' dir='ltr'>quod</span> 
     </span>
     <span class='ocr_line' id='line_1_80' title="bbox 376 2518 1440 2566; baseline -0.001 -11"><span class='ocrx_word' id='word_1_568' title='bbox 376 2519 541 2566; x_wconf 80' lang='lat' dir='ltr'>positum</span> <span class='ocrx_word' id='word_1_569' title='bbox 569 2524 635 2565; x_wconf 77' lang='lat' dir='ltr'>est⁷</span> <span class='ocrx_word' id='word_1_570' title='bbox 665 2518 767 2566; x_wconf 84' lang='lat' dir='ltr'>quod</span> <span class='ocrx_word' id='word_1_571' title='bbox 791 2523 845 2554; x_wconf 83' lang='lat' dir='ltr'>est</span> <span class='ocrx_word' id='word_1_572' title='bbox 875 2519 1042 2555; x_wconf 81' lang='lat' dir='ltr'>Christus</span> <span class='ocrx_word' id='word_1_573' title='bbox 1069 2519 1192 2564; x_wconf 83' lang='lat' dir='ltr'>Iesus,</span> <span class='ocrx_word' id='word_1_574' title='bbox 1221 2518 1317 2555; x_wconf 91' lang='lat' dir='ltr'>idest</span> <span class='ocrx_word' id='word_1_575' title='bbox 1343 2518 1440 2555; x_wconf 91' lang='lat' dir='ltr'>fides</span> 
     </span>
     <span class='ocr_line' id='line_1_81' title="bbox 383 2571 1441 2618; baseline -0.001 -10"><span class='ocrx_word' id='word_1_576' title='bbox 383 2571 518 2608; x_wconf 88' lang='lat' dir='ltr'>Christi</span> <span class='ocrx_word' id='word_1_577' title='bbox 539 2573 634 2608; x_wconf 90' lang='lat' dir='ltr'>Iesu.</span> <span class='ocrx_word' id='word_1_578' title='bbox 665 2571 742 2608; x_wconf 91' lang='lat' dir='ltr'>Sed</span> <span class='ocrx_word' id='word_1_579' title='bbox 770 2571 918 2607; x_wconf 88' lang='lat' dir='ltr'>sublato</span> <span class='ocrx_word' id='word_1_580' title='bbox 938 2571 1200 2618; x_wconf 85' lang='lat' dir='ltr'>fundamento,</span> <span class='ocrx_word' id='word_1_581' title='bbox 1221 2583 1299 2607; x_wconf 92' lang='lat' dir='ltr'>non</span> <span class='ocrx_word' id='word_1_582' title='bbox 1319 2583 1441 2607; x_wconf 89' lang='lat' dir='ltr'>rema-</span> 
     </span>
     <span class='ocr_line' id='line_1_82' title="bbox 382 2623 1438 2672; baseline 0 -12"><span class='ocrx_word' id='word_1_583' title='bbox 382 2631 445 2662; x_wconf 90' lang='lat' dir='ltr'>net</span> <span class='ocrx_word' id='word_1_584' title='bbox 473 2624 508 2660; x_wconf 93' lang='lat' dir='ltr'>id</span> <span class='ocrx_word' id='word_1_585' title='bbox 538 2624 643 2672; x_wconf 91' lang='lat' dir='ltr'>quod</span> <span class='ocrx_word' id='word_1_586' title='bbox 676 2623 1018 2672; x_wconf 86' lang='lat' dir='ltr'>superaedificatur.</span> <span class='ocrx_word' id='word_1_587' title='bbox 1047 2625 1161 2672; x_wconf 83' lang='lat' dir='ltr'>Ergo,</span> <span class='ocrx_word' id='word_1_588' title='bbox 1182 2624 1212 2660; x_wconf 93' lang='lat' dir='ltr'>si</span> <span class='ocrx_word' id='word_1_589' title='bbox 1237 2624 1334 2661; x_wconf 90' lang='lat' dir='ltr'>fides</span> <span class='ocrx_word' id='word_1_590' title='bbox 1362 2636 1438 2661; x_wconf 91' lang='lat' dir='ltr'>non</span> 
     </span>
     <span class='ocr_line' id='line_1_83' title="bbox 382 2676 1440 2726; baseline 0 -13"><span class='ocrx_word' id='word_1_591' title='bbox 382 2685 551 2713; x_wconf 89' lang='lat' dir='ltr'>remanet</span> <span class='ocrx_word' id='word_1_592' title='bbox 587 2685 674 2726; x_wconf 91' lang='lat' dir='ltr'>post</span> <span class='ocrx_word' id='word_1_593' title='bbox 705 2677 803 2713; x_wconf 91' lang='lat' dir='ltr'>hanc</span> <span class='ocrx_word' id='word_1_594' title='bbox 829 2676 969 2723; x_wconf 81' lang='lat' dir='ltr'>vitam,</span> <span class='ocrx_word' id='word_1_595' title='bbox 999 2678 1100 2714; x_wconf 88' lang='lat' dir='ltr'>nulla</span> <span class='ocrx_word' id='word_1_596' title='bbox 1129 2677 1200 2714; x_wconf 90' lang='lat' dir='ltr'>alia</span> <span class='ocrx_word' id='word_1_597' title='bbox 1233 2676 1350 2714; x_wconf 89' lang='lat' dir='ltr'>virtus</span> <span class='ocrx_word' id='word_1_598' title='bbox 1383 2690 1440 2714; x_wconf 93' lang='lat' dir='ltr'>re-</span> 
     </span>
    </p>

    <p class='ocr_par' dir='ltr' id='par_1_23' title="bbox 239 2735 606 2767">
     <span class='ocr_line' id='line_1_84' title="bbox 239 2735 606 2767; baseline -0.003 0"><span class='ocrx_word' id='word_1_599' title='bbox 239 2735 257 2752; x_wconf 78' lang='lat'>⁰¹</span> <span class='ocrx_word' id='word_1_600' title='bbox 381 2737 550 2767; x_wconf 85' lang='lat' dir='ltr'>maneret</span> <span class='ocrx_word' id='word_1_601' title='bbox 577 2735 606 2766; x_wconf 80' lang='lat'>⁴².</span> 
     </span>
    </p>

    <p class='ocr_par' dir='ltr' id='par_1_24' title="bbox 383 2781 1439 2937">
     <span class='ocr_line' id='line_1_85' title="bbox 437 2781 1439 2831; baseline 0 -12"><span class='ocrx_word' id='word_1_602' title='bbox 437 2784 471 2820; x_wconf 84' lang='lat'>3.</span> <span class='ocrx_word' id='word_1_603' title='bbox 488 2784 719 2829; x_wconf 75' lang='lat' dir='ltr'>PRAETEREA‚</span> <span class='ocrx_word' id='word_1_604' title='bbox 741 2782 905 2830; x_wconf 91' lang='lat' dir='ltr'>cognitio</span> <span class='ocrx_word' id='word_1_605' title='bbox 924 2781 1015 2819; x_wconf 90' lang='lat' dir='ltr'>fidei</span> <span class='ocrx_word' id='word_1_606' title='bbox 1045 2790 1080 2819; x_wconf 91' lang='lat' dir='ltr'>et</span> <span class='ocrx_word' id='word_1_607' title='bbox 1108 2782 1270 2831; x_wconf 87' lang='lat' dir='ltr'>cognitio</span> <span class='ocrx_word' id='word_1_608' title='bbox 1299 2782 1439 2830; x_wconf 88' lang='lat' dir='ltr'>gloriae</span> 
     </span>
     <span class='ocr_line' id='line_1_86' title="bbox 383 2835 1439 2884; baseline 0 -12"><span class='ocrx_word' id='word_1_609' title='bbox 383 2835 558 2872; x_wconf 84' lang='lat' dir='ltr'>differunt</span> <span class='ocrx_word' id='word_1_610' title='bbox 572 2835 782 2872; x_wconf 87' lang='lat' dir='ltr'>secundum</span> <span class='ocrx_word' id='word_1_611' title='bbox 797 2836 1006 2883; x_wconf 84' lang='lat' dir='ltr'>perfectum</span> <span class='ocrx_word' id='word_1_612' title='bbox 1023 2843 1058 2872; x_wconf 92' lang='lat' dir='ltr'>et</span> <span class='ocrx_word' id='word_1_613' title='bbox 1072 2835 1345 2884; x_wconf 85' lang='lat' dir='ltr'>imperfectum.</span> <span class='ocrx_word' id='word_1_614' title='bbox 1363 2836 1439 2873; x_wconf 89' lang='lat' dir='ltr'>Sed</span> 
     </span>
     <span class='ocr_line' id='line_1_87' title="bbox 383 2888 1439 2937; baseline 0 -12"><span class='ocrx_word' id='word_1_615' title='bbox 383 2888 544 2936; x_wconf 87' lang='lat' dir='ltr'>cognitio</span> <span class='ocrx_word' id='word_1_616' title='bbox 573 2888 792 2937; x_wconf 87' lang='lat' dir='ltr'>imperfecta</span> <span class='ocrx_word' id='word_1_617' title='bbox 819 2895 945 2937; x_wconf 89' lang='lat' dir='ltr'>potest</span> <span class='ocrx_word' id='word_1_618' title='bbox 972 2900 1055 2924; x_wconf 85' lang='lat' dir='ltr'>esse</span> <span class='ocrx_word' id='word_1_619' title='bbox 1075 2888 1183 2925; x_wconf 87' lang='lat' dir='ltr'>simul</span> <span class='ocrx_word' id='word_1_620' title='bbox 1204 2900 1292 2925; x_wconf 90' lang='lat' dir='ltr'>cum</span> <span class='ocrx_word' id='word_1_621' title='bbox 1313 2889 1439 2936; x_wconf 90' lang='lat' dir='ltr'>cogni-</span> 
     </span>
    </p>

    <p class='ocr_par' dir='ltr' id='par_1_25' title="bbox 240 2940 1440 3306">
     <span class='ocr_line' id='line_1_88' title="bbox 240 2940 1440 2990; baseline 0 -12"><span class='ocrx_word' id='word_1_622' title='bbox 240 2945 257 2978; x_wconf 71' lang='grc' dir='ltr'><strong>β</strong></span> <span class='ocrx_word' id='word_1_623' title='bbox 380 2941 482 2978; x_wconf 86' lang='lat' dir='ltr'>tione</span> <span class='ocrx_word' id='word_1_624' title='bbox 501 2942 685 2989; x_wconf 85' lang='lat' dir='ltr'>perfecta:</span> <span class='ocrx_word' id='word_1_625' title='bbox 714 2941 808 2978; x_wconf 90' lang='lat' dir='ltr'>sicut</span> <span class='ocrx_word' id='word_1_626' title='bbox 835 2941 874 2978; x_wconf 93' lang='lat' dir='ltr'>in</span> <span class='ocrx_word' id='word_1_627' title='bbox 894 2942 1028 2988; x_wconf 90' lang='lat' dir='ltr'>angelo</span> <span class='ocrx_word' id='word_1_628' title='bbox 1048 2941 1160 2978; x_wconf 92' lang='lat' dir='ltr'>simul</span> <span class='ocrx_word' id='word_1_629' title='bbox 1178 2949 1304 2990; x_wconf 88' lang='lat' dir='ltr'>potest</span> <span class='ocrx_word' id='word_1_630' title='bbox 1323 2953 1404 2978; x_wconf 89' lang='lat' dir='ltr'>esse</span> <span class='ocrx_word' id='word_1_631' title='bbox 1424 2940 1440 2971; x_wconf 73' lang='grc' dir='ltr'><strong>β</strong></span> 
     </span>
     <span class='ocr_line' id='line_1_89' title="bbox 381 2994 1440 3043; baseline 0.001 -13"><span class='ocrx_word' id='word_1_632' title='bbox 381 2994 544 3042; x_wconf 88' lang='lat' dir='ltr'>cognitio</span> <span class='ocrx_word' id='word_1_633' title='bbox 563 2994 780 3043; x_wconf 90' lang='lat' dir='ltr'>vespertina</span> <span class='ocrx_word' id='word_1_634' title='bbox 809 3006 897 3031; x_wconf 91' lang='lat' dir='ltr'>curn</span> <span class='ocrx_word' id='word_1_635' title='bbox 926 2994 1139 3041; x_wconf 88' lang='lat' dir='ltr'>cognitione</span> <span class='ocrx_word' id='word_1_636' title='bbox 1168 2994 1372 3040; x_wconf 90' lang='lat' dir='ltr'>matutina;</span> <span class='ocrx_word' id='word_1_637' title='bbox 1403 3002 1440 3031; x_wconf 89' lang='lat' dir='ltr'>et</span> 
     </span>
     <span class='ocr_line' id='line_1_90' title="bbox 381 3046 1438 3095; baseline 0.001 -12"><span class='ocrx_word' id='word_1_638' title='bbox 381 3046 512 3095; x_wconf 89' lang='lat' dir='ltr'>aliquis</span> <span class='ocrx_word' id='word_1_639' title='bbox 531 3048 649 3083; x_wconf 89' lang='lat' dir='ltr'>homo</span> <span class='ocrx_word' id='word_1_640' title='bbox 669 3054 793 3095; x_wconf 91' lang='lat' dir='ltr'>potest</span> <span class='ocrx_word' id='word_1_641' title='bbox 812 3047 924 3084; x_wconf 89' lang='lat' dir='ltr'>simul</span> <span class='ocrx_word' id='word_1_642' title='bbox 945 3047 1087 3084; x_wconf 84' lang='lat' dir='ltr'>habere</span> <span class='ocrx_word' id='word_1_643' title='bbox 1117 3047 1164 3084; x_wconf 94' lang='lat' dir='ltr'>de</span> <span class='ocrx_word' id='word_1_644' title='bbox 1194 3048 1329 3084; x_wconf 88' lang='lat' dir='ltr'>eadem</span> <span class='ocrx_word' id='word_1_645' title='bbox 1349 3059 1438 3084; x_wconf 91' lang='lat' dir='ltr'>con-</span> 
     </span>
     <span class='ocr_line' id='line_1_91' title="bbox 381 3099 1439 3149; baseline 0.001 -13"><span class='ocrx_word' id='word_1_646' title='bbox 381 3100 548 3136; x_wconf 88' lang='lat' dir='ltr'>clusione</span> <span class='ocrx_word' id='word_1_647' title='bbox 577 3100 771 3137; x_wconf 89' lang='lat' dir='ltr'>scientiam</span> <span class='ocrx_word' id='word_1_648' title='bbox 799 3112 867 3149; x_wconf 90' lang='lat' dir='ltr'>per</span> <span class='ocrx_word' id='word_1_649' title='bbox 885 3099 1146 3149; x_wconf 85' lang='lat' dir='ltr'>syllogismum</span> <span class='ocrx_word' id='word_1_650' title='bbox 1175 3100 1439 3137; x_wconf 85' lang='lat' dir='ltr'>demonstrati-</span> 
     </span>
     <span class='ocr_line' id='line_1_92' title="bbox 379 3152 1436 3201; baseline 0.002 -13"><span class='ocrx_word' id='word_1_651' title='bbox 379 3164 485 3199; x_wconf 79' lang='lat' dir='ltr'>vum,</span> <span class='ocrx_word' id='word_1_652' title='bbox 512 3160 548 3189; x_wconf 90' lang='lat' dir='ltr'>et</span> <span class='ocrx_word' id='word_1_653' title='bbox 576 3152 795 3201; x_wconf 90' lang='lat' dir='ltr'>opinionem</span> <span class='ocrx_word' id='word_1_654' title='bbox 818 3165 885 3201; x_wconf 92' lang='lat' dir='ltr'>per</span> <span class='ocrx_word' id='word_1_655' title='bbox 904 3153 1165 3201; x_wconf 88' lang='lat' dir='ltr'>syllogismum</span> <span class='ocrx_word' id='word_1_656' title='bbox 1186 3153 1436 3190; x_wconf 88' lang='lat' dir='ltr'>dialecticum.</span> 
     </span>
     <span class='ocr_line' id='line_1_93' title="bbox 380 3205 1438 3255; baseline 0.002 -14"><span class='ocrx_word' id='word_1_657' title='bbox 380 3205 481 3252; x_wconf 90' lang='lat' dir='ltr'>Ergo</span> <span class='ocrx_word' id='word_1_658' title='bbox 510 3205 624 3242; x_wconf 84' lang='lat' dir='ltr'>etiam</span> <span class='ocrx_word' id='word_1_659' title='bbox 652 3206 748 3243; x_wconf 88' lang='lat' dir='ltr'>fides</span> <span class='ocrx_word' id='word_1_660' title='bbox 776 3206 885 3242; x_wconf 90' lang='lat' dir='ltr'>simul</span> <span class='ocrx_word' id='word_1_661' title='bbox 905 3218 986 3242; x_wconf 90' lang='lat' dir='ltr'>esse</span> <span class='ocrx_word' id='word_1_662' title='bbox 1005 3213 1140 3254; x_wconf 87' lang='lat' dir='ltr'>potest,</span> <span class='ocrx_word' id='word_1_663' title='bbox 1161 3214 1248 3255; x_wconf 90' lang='lat' dir='ltr'>post</span> <span class='ocrx_word' id='word_1_664' title='bbox 1266 3206 1365 3243; x_wconf 88' lang='lat' dir='ltr'>hanc</span> <span class='ocrx_word' id='word_1_665' title='bbox 1382 3206 1438 3243; x_wconf 86' lang='lat' dir='ltr'>vi-</span> 
     </span>
     <span class='ocr_line' id='line_1_94' title="bbox 380 3258 1009 3306; baseline 0.002 -12"><span class='ocrx_word' id='word_1_666' title='bbox 380 3265 469 3304; x_wconf 87' lang='lat' dir='ltr'>tam,</span> <span class='ocrx_word' id='word_1_667' title='bbox 499 3269 587 3295; x_wconf 90' lang='lat' dir='ltr'>curn</span> <span class='ocrx_word' id='word_1_668' title='bbox 618 3258 829 3306; x_wconf 86' lang='lat' dir='ltr'>cognitione</span> <span class='ocrx_word' id='word_1_669' title='bbox 857 3259 1009 3306; x_wconf 88' lang='lat' dir='ltr'>gloriae.</span> 
     </span>
    </p>

    <p class='ocr_par' dir='ltr' id='par_1_26' title="bbox 141 3311 1440 3414">
     <span class='ocr_line' id='line_1_95' title="bbox 141 3311 1440 3360; baseline 0.001 -13"><span class='ocrx_word' id='word_1_670' title='bbox 141 3348 150 3355; x_wconf 77' lang='grc'>,</span> <span class='ocrx_word' id='word_1_671' title='bbox 433 3311 507 3347; x_wconf 80' lang='lat' dir='ltr'>SED</span> <span class='ocrx_word' id='word_1_672' title='bbox 537 3322 681 3348; x_wconf 79' lang='lat' dir='ltr'>CONTRA</span> <span class='ocrx_word' id='word_1_673' title='bbox 708 3323 774 3348; x_wconf 83' lang='lat' dir='ltr'>EST</span> <span class='ocrx_word' id='word_1_674' title='bbox 807 3312 910 3359; x_wconf 89' lang='lat' dir='ltr'>quod</span> <span class='ocrx_word' id='word_1_675' title='bbox 948 3313 1153 3360; x_wconf 93' lang='lat' dir='ltr'>Apostolus</span> <span class='ocrx_word' id='word_1_676' title='bbox 1185 3311 1293 3359; x_wconf 91' lang='lat' dir='ltr'>dicit,</span> <span class='ocrx_word' id='word_1_677' title='bbox 1323 3313 1354 3348; x_wconf 93' lang='lat' dir='ltr'>II</span> <span class='ocrx_word' id='word_1_678' title='bbox 1388 3313 1440 3348; x_wconf 84' lang='lat' dir='ltr'>ad</span> 
     </span>
     <span class='ocr_line' id='line_1_96' title="bbox 166 3345 1437 3414; baseline 0.001 -14"><span class='ocrx_word' id='word_1_679' title='bbox 166 3345 307 3408; x_wconf 58' lang='lat' dir='ltr'>v“’&#39;‡⁶&#39;⁷&#39;</span> <span class='ocrx_word' id='word_1_680' title='bbox 386 3364 471 3400; x_wconf 91' lang='lat' dir='ltr'>Cor.</span> <span class='ocrx_word' id='word_1_681' title='bbox 491 3375 515 3400; x_wconf 90' lang='lat' dir='ltr'>v</span> <span class='ocrx_word' id='word_1_682' title='bbox 533 3363 568 3400; x_wconf 65' lang='grc' dir='ltr'>*ε</span> <span class='ocrx_word' id='word_1_683' title='bbox 602 3364 775 3406; x_wconf 82' lang='lat' dir='ltr'>Quandiu</span> <span class='ocrx_word' id='word_1_684' title='bbox 803 3376 931 3401; x_wconf 84' lang='lat' dir='ltr'>sumus</span> <span class='ocrx_word' id='word_1_685' title='bbox 958 3365 994 3401; x_wconf 88' lang='lat' dir='ltr'>in</span> <span class='ocrx_word' id='word_1_686' title='bbox 1024 3377 1182 3413; x_wconf 82' lang='lat' dir='ltr'>corpore</span> <span class='ocrx_word' id='word_1_687' title='bbox 1209 3369 1240 3412; x_wconf 69' lang='grc' dir='ltr'>Υ,</span> <span class='ocrx_word' id='word_1_688' title='bbox 1264 3365 1437 3414; x_wconf 84' lang='lat' dir='ltr'>peregri-</span> 
     </span>
    </p>
   </div>
   <div class='ocr_carea' id='block_1_16' title="bbox 378 2239 590 2350">
    <p class='ocr_par' dir='ltr' id='par_1_27' title="bbox 378 2239 590 2350">
     <span class='ocr_line' id='line_1_97' title="bbox 378 2239 590 2350; baseline 0 -13"><span class='ocrx_word' id='word_1_689' title='bbox 378 2239 565 2350; x_wconf 95' lang='lat' dir='ltr'>      </span> <span class='ocrx_word' id='word_1_690' title='bbox 581 2325 590 2350; x_wconf 95' lang='lat' dir='ltr'>  </span> 
     </span>
    </p>
   </div>
   <div class='ocr_carea' id='block_1_17' title="bbox 144 2376 342 2404">
    <p class='ocr_par' dir='ltr' id='par_1_28' title="bbox 144 2376 342 2404">
     <span class='ocr_line' id='line_1_98' title="bbox 144 2376 342 2404; baseline 0 -7"><span class='ocrx_word' id='word_1_691' title='bbox 144 2376 156 2387; x_wconf 64' lang='lat'><em>*</em></span> <span class='ocrx_word' id='word_1_692' title='bbox 169 2376 221 2398; x_wconf 84' lang='lat' dir='ltr'>Art.</span> <span class='ocrx_word' id='word_1_693' title='bbox 236 2376 342 2404; x_wconf 73' lang='lat' dir='ltr'>praeced.</span> 
     </span>
    </p>
   </div>
   <div class='ocr_carea' id='block_1_18' title="bbox 145 2428 276 2450">
    <p class='ocr_par' dir='ltr' id='par_1_29' title="bbox 145 2428 276 2450">
     <span class='ocr_line' id='line_1_99' title="bbox 145 2428 276 2450; baseline 0 0"><span class='ocrx_word' id='word_1_694' title='bbox 145 2430 154 2439; x_wconf 76' lang='lat'><em>‘</em></span> <span class='ocrx_word' id='word_1_695' title='bbox 168 2428 237 2450; x_wconf 77' lang='lat' dir='ltr'>Vei-s.</span> <span class='ocrx_word' id='word_1_696' title='bbox 251 2434 276 2450; x_wconf 90' lang='grc' dir='ltr'>ιι.</span> 
     </span>
    </p>
   </div>
   <div class='ocr_carea' id='block_1_19' title="bbox 433 3475 902 3580">
    <p class='ocr_par' dir='ltr' id='par_1_30' title="bbox 433 3475 902 3580">
     <span class='ocr_line' id='line_1_100' title="bbox 434 3475 902 3509; baseline 0.004 -9"><span class='ocrx_word' id='word_1_697' title='bbox 434 3475 461 3509; x_wconf 92' lang='grc' dir='ltr'>α)</span> <span class='ocrx_word' id='word_1_698' title='bbox 481 3480 638 3502; x_wconf 80' lang='lat' dir='ltr'>remaneret.</span> <span class='ocrx_word' id='word_1_699' title='bbox 656 3491 674 3496; x_wconf 94' lang='lat'>—</span> <span class='ocrx_word' id='word_1_700' title='bbox 692 3478 838 3502; x_wconf 82' lang='lat' dir='ltr'>remanebit</span> <span class='ocrx_word' id='word_1_701' title='bbox 851 3478 902 3502; x_wconf 80' lang='lat' dir='ltr'>EF.</span> 
     </span>
     <span class='ocr_line' id='line_1_101' title="bbox 435 3512 860 3543; baseline 0.002 -8"><span class='ocrx_word' id='word_1_702' title='bbox 435 3512 460 3543; x_wconf 55' lang='lat' dir='ltr'>jz)</span> <span class='ocrx_word' id='word_1_703' title='bbox 479 3515 566 3543; x_wconf 81' lang='lat' dir='ltr'>potest</span> <span class='ocrx_word' id='word_1_704' title='bbox 584 3519 645 3537; x_wconf 85' lang='lat' dir='ltr'>esse.</span> <span class='ocrx_word' id='word_1_705' title='bbox 658 3526 677 3531; x_wconf 92' lang='lat'>—</span> <span class='ocrx_word' id='word_1_706' title='bbox 695 3515 733 3537; x_wconf 84' lang='lat' dir='ltr'>est</span> <span class='ocrx_word' id='word_1_707' title='bbox 752 3513 860 3537; x_wconf 74' lang='lat' dir='ltr'>codices.</span> 
     </span>
     <span class='ocr_line' id='line_1_102' title="bbox 433 3547 871 3580; baseline 0.002 -9"><span class='ocrx_word' id='word_1_708' title='bbox 433 3548 460 3580; x_wconf 88' lang='grc' dir='ltr'>γ)</span> <span class='ocrx_word' id='word_1_709' title='bbox 479 3554 597 3578; x_wconf 81' lang='lat' dir='ltr'>corpore.</span> <span class='ocrx_word' id='word_1_710' title='bbox 611 3561 629 3566; x_wconf 83' lang='lat'>—</span> <span class='ocrx_word' id='word_1_711' title='bbox 647 3547 695 3572; x_wconf 82' lang='lat' dir='ltr'>hoc</span> <span class='ocrx_word' id='word_1_712' title='bbox 713 3555 824 3579; x_wconf 84' lang='lat' dir='ltr'>corpore</span> <span class='ocrx_word' id='word_1_713' title='bbox 843 3548 871 3572; x_wconf 90' lang='lat' dir='ltr'>P.</span> 
     </span>
    </p>
   </div>
   <div class='ocr_carea' id='block_1_20' title="bbox 1490 2147 2559 2831">
    <p class='ocr_par' dir='ltr' id='par_1_31' title="bbox 1490 2147 2559 2831">
     <span class='ocr_line' id='line_1_103' title="bbox 1492 2147 2559 2200; baseline 0.007 -15"><span class='ocrx_word' id='word_1_714' title='bbox 1492 2160 1631 2185; x_wconf 86' lang='lat' dir='ltr'>namur</span> <span class='ocrx_word' id='word_1_715' title='bbox 1648 2161 1671 2186; x_wconf 92' lang='lat' dir='ltr'>a</span> <span class='ocrx_word' id='word_1_716' title='bbox 1690 2150 1877 2186; x_wconf 84' lang='lat' dir='ltr'>Domino.-</span> <span class='ocrx_word' id='word_1_717' title='bbox 1899 2161 1972 2198; x_wconf 86' lang='lat' dir='ltr'>per</span> <span class='ocrx_word' id='word_1_718' title='bbox 1988 2150 2110 2198; x_wconf 86' lang='lat' dir='ltr'>fidem</span> <span class='ocrx_word' id='word_1_719' title='bbox 2130 2151 2229 2188; x_wconf 88' lang='lat' dir='ltr'>enim</span> <span class='ocrx_word' id='word_1_720' title='bbox 2249 2147 2500 2200; x_wconf 66' lang='lat' dir='ltr'>ambulamus,</span> <span class='ocrx_word' id='word_1_721' title='bbox 2521 2159 2559 2192; x_wconf 82' lang='lat' dir='ltr'>et</span> 
     </span>
     <span class='ocr_line' id='line_1_104' title="bbox 1492 2203 2554 2254; baseline 0.006 -16"><span class='ocrx_word' id='word_1_722' title='bbox 1492 2213 1565 2238; x_wconf 87' lang='lat' dir='ltr'>non</span> <span class='ocrx_word' id='word_1_723' title='bbox 1588 2212 1662 2250; x_wconf 82' lang='lat' dir='ltr'>per</span> <span class='ocrx_word' id='word_1_724' title='bbox 1686 2203 1857 2250; x_wconf 80' lang='lat' dir='ltr'>speciem.</span> <span class='ocrx_word' id='word_1_725' title='bbox 1889 2203 1964 2240; x_wconf 91' lang='lat' dir='ltr'>Sed</span> <span class='ocrx_word' id='word_1_726' title='bbox 1993 2203 2042 2239; x_wconf 90' lang='lat' dir='ltr'>illi</span> <span class='ocrx_word' id='word_1_727' title='bbox 2071 2203 2136 2252; x_wconf 89' lang='lat' dir='ltr'>qui</span> <span class='ocrx_word' id='word_1_728' title='bbox 2155 2205 2297 2242; x_wconf 88' lang='lat' dir='ltr'>suntin</span> <span class='ocrx_word' id='word_1_729' title='bbox 2316 2206 2446 2254; x_wconf 83' lang='lat' dir='ltr'>gloria,</span> <span class='ocrx_word' id='word_1_730' title='bbox 2474 2216 2554 2244; x_wconf 87' lang='lat' dir='ltr'>non</span> 
     </span>
     <span class='ocr_line' id='line_1_105' title="bbox 1490 2255 2556 2307; baseline 0.008 -17"><span class='ocrx_word' id='word_1_731' title='bbox 1490 2255 1778 2303; x_wconf 90' lang='lat' dir='ltr'>peregrinantur</span> <span class='ocrx_word' id='word_1_732' title='bbox 1797 2267 1819 2292; x_wconf 90' lang='lat' dir='ltr'>a</span> <span class='ocrx_word' id='word_1_733' title='bbox 1838 2255 2020 2302; x_wconf 85' lang='lat' dir='ltr'>Domino,</span> <span class='ocrx_word' id='word_1_734' title='bbox 2051 2257 2119 2293; x_wconf 92' lang='lat' dir='ltr'>sed</span> <span class='ocrx_word' id='word_1_735' title='bbox 2147 2265 2233 2294; x_wconf 91' lang='lat' dir='ltr'>sunt</span> <span class='ocrx_word' id='word_1_736' title='bbox 2260 2258 2294 2295; x_wconf 91' lang='lat' dir='ltr'>ei</span> <span class='ocrx_word' id='word_1_737' title='bbox 2321 2260 2556 2307; x_wconf 58' lang='lat' dir='ltr'>praesentesj</span> 
     </span>
     <span class='ocr_line' id='line_1_106' title="bbox 1492 2308 2553 2371; baseline 0.007 -28"><span class='ocrx_word' id='word_1_738' title='bbox 1492 2309 1594 2355; x_wconf 86' lang='lat' dir='ltr'>Ergo</span> <span class='ocrx_word' id='word_1_739' title='bbox 1618 2308 1715 2344; x_wconf 91' lang='lat' dir='ltr'>fides</span> <span class='ocrx_word' id='word_1_740' title='bbox 1734 2320 1811 2345; x_wconf 91' lang='lat' dir='ltr'>non</span> <span class='ocrx_word' id='word_1_741' title='bbox 1840 2315 1969 2345; x_wconf 90' lang='lat' dir='ltr'>manet</span> <span class='ocrx_word' id='word_1_742' title='bbox 1995 2317 2083 2357; x_wconf 92' lang='lat' dir='ltr'>post</span> <span class='ocrx_word' id='word_1_743' title='bbox 2109 2310 2208 2347; x_wconf 91' lang='lat' dir='ltr'>hanc</span> <span class='ocrx_word' id='word_1_744' title='bbox 2226 2311 2345 2348; x_wconf 87' lang='lat' dir='ltr'>vitam</span> <span class='ocrx_word' id='word_1_745' title='bbox 2365 2312 2403 2349; x_wconf 90' lang='lat' dir='ltr'>in</span> <span class='ocrx_word' id='word_1_746' title='bbox 2422 2313 2553 2371; x_wconf 80' lang='lat' dir='ltr'>gloria.</span> 
     </span>
     <span class='ocr_line' id='line_1_107' title="bbox 1545 2361 2555 2414; baseline 0.007 -18"><span class='ocrx_word' id='word_1_747' title='bbox 1545 2361 1769 2397; x_wconf 71' lang='lat' dir='ltr'>Rr-:sponnao</span> <span class='ocrx_word' id='word_1_748' title='bbox 1798 2372 1982 2398; x_wconf 78' lang='lat' dir='ltr'>mcENDUM</span> <span class='ocrx_word' id='word_1_749' title='bbox 2002 2362 2106 2410; x_wconf 91' lang='lat' dir='ltr'>quod</span> <span class='ocrx_word' id='word_1_750' title='bbox 2127 2363 2318 2411; x_wconf 83' lang='lat' dir='ltr'>oppositio</span> <span class='ocrx_word' id='word_1_751' title='bbox 2348 2372 2405 2402; x_wconf 91' lang='lat' dir='ltr'>est</span> <span class='ocrx_word' id='word_1_752' title='bbox 2425 2377 2495 2414; x_wconf 92' lang='lat' dir='ltr'>per</span> <span class='ocrx_word' id='word_1_753' title='bbox 2513 2367 2555 2403; x_wconf 81' lang='lat' dir='ltr'>s&#39;e</span> 
     </span>
     <span class='ocr_line' id='line_1_108' title="bbox 1493 2413 2552 2461; baseline 0.007 -13"><span class='ocrx_word' id='word_1_754' title='bbox 1493 2420 1530 2449; x_wconf 88' lang='lat' dir='ltr'>et</span> <span class='ocrx_word' id='word_1_755' title='bbox 1546 2413 1700 2461; x_wconf 92' lang='lat' dir='ltr'>propria</span> <span class='ocrx_word' id='word_1_756' title='bbox 1723 2425 1837 2450; x_wconf 89' lang='lat' dir='ltr'>causa</span> <span class='ocrx_word' id='word_1_757' title='bbox 1857 2414 1962 2461; x_wconf 91' lang='lat' dir='ltr'>quod</span> <span class='ocrx_word' id='word_1_758' title='bbox 1981 2413 2371 2454; x_wconf 77' lang='lat' dir='ltr'>unum⁸exc1udatur</span> <span class='ocrx_word' id='word_1_759' title='bbox 2389 2417 2437 2454; x_wconf 85' lang='lat' dir='ltr'>ab</span> <span class='ocrx_word' id='word_1_760' title='bbox 2457 2417 2552 2455; x_wconf 87' lang='lat' dir='ltr'>alio:</span> 
     </span>
     <span class='ocr_line' id='line_1_109' title="bbox 1492 2465 2555 2524; baseline 0.006 -23"><span class='ocrx_word' id='word_1_761' title='bbox 1492 2465 1717 2524; x_wconf 82' lang='lat' dir='ltr'>inquantum</span> <span class='ocrx_word' id='word_1_762' title='bbox 1747 2466 1885 2502; x_wconf 86' lang='lat' dir='ltr'>scilicet</span> <span class='ocrx_word' id='word_1_763' title='bbox 1912 2466 1950 2503; x_wconf 92' lang='lat' dir='ltr'>in</span> <span class='ocrx_word' id='word_1_764' title='bbox 1979 2467 2158 2504; x_wconf 89' lang='lat' dir='ltr'>omnibus</span> <span class='ocrx_word' id='word_1_765' title='bbox 2187 2469 2370 2517; x_wconf 90' lang='lat' dir='ltr'>oppositis</span> <span class='ocrx_word' id='word_1_766' title='bbox 2398 2469 2555 2509; x_wconf 87' lang='lat' dir='ltr'>includi-</span> 
     </span>
     <span class='ocr_line' id='line_1_110' title="bbox 1492 2519 2555 2568; baseline 0.006 -14"><span class='ocrx_word' id='word_1_767' title='bbox 1492 2526 1552 2555; x_wconf 92' lang='lat' dir='ltr'>tur</span> <span class='ocrx_word' id='word_1_768' title='bbox 1570 2519 1760 2566; x_wconf 90' lang='lat' dir='ltr'>oppositio</span> <span class='ocrx_word' id='word_1_769' title='bbox 1780 2519 2042 2556; x_wconf 83' lang='lat' dir='ltr'>affirmationis</span> <span class='ocrx_word' id='word_1_770' title='bbox 2063 2528 2098 2557; x_wconf 90' lang='lat' dir='ltr'>et</span> <span class='ocrx_word' id='word_1_771' title='bbox 2117 2520 2338 2568; x_wconf 88' lang='lat' dir='ltr'>negationis.</span> <span class='ocrx_word' id='word_1_772' title='bbox 2358 2523 2555 2561; x_wconf 85' lang='lat' dir='ltr'>Invenitur</span> 
     </span>
     <span class='ocr_line' id='line_1_111' title="bbox 1492 2571 2553 2621; baseline 0.005 -14"><span class='ocrx_word' id='word_1_773' title='bbox 1492 2579 1619 2607; x_wconf 86' lang='lat' dir='ltr'>autem</span> <span class='ocrx_word' id='word_1_774' title='bbox 1648 2571 1686 2608; x_wconf 90' lang='lat' dir='ltr'>in</span> <span class='ocrx_word' id='word_1_775' title='bbox 1714 2571 1942 2620; x_wconf 90' lang='lat' dir='ltr'>quibusdam</span> <span class='ocrx_word' id='word_1_776' title='bbox 1963 2573 2154 2621; x_wconf 90' lang='lat' dir='ltr'>oppositio</span> <span class='ocrx_word' id='word_1_777' title='bbox 2173 2574 2385 2611; x_wconf 86' lang='lat' dir='ltr'>secundum</span> <span class='ocrx_word' id='word_1_778' title='bbox 2406 2582 2553 2619; x_wconf 85' lang='lat' dir='ltr'>contra-</span> 
     </span>
     <span class='ocr_line' id='line_1_112' title="bbox 1493 2623 2551 2676; baseline 0.007 -17"><span class='ocrx_word' id='word_1_779' title='bbox 1493 2624 1566 2660; x_wconf 89' lang='lat' dir='ltr'>rias</span> <span class='ocrx_word' id='word_1_780' title='bbox 1585 2624 1748 2660; x_wconf 84' lang='lat' dir='ltr'>formas:</span> <span class='ocrx_word' id='word_1_781' title='bbox 1777 2623 1871 2660; x_wconf 83' lang='lat' dir='ltr'>sieut</span> <span class='ocrx_word' id='word_1_782' title='bbox 1897 2624 1935 2662; x_wconf 89' lang='lat' dir='ltr'>in</span> <span class='ocrx_word' id='word_1_783' title='bbox 1969 2626 2160 2663; x_wconf 90' lang='lat' dir='ltr'>coloribus</span> <span class='ocrx_word' id='word_1_784' title='bbox 2185 2626 2315 2664; x_wconf 89' lang='lat' dir='ltr'>album</span> <span class='ocrx_word' id='word_1_785' title='bbox 2335 2635 2372 2664; x_wconf 90' lang='lat' dir='ltr'>et</span> <span class='ocrx_word' id='word_1_786' title='bbox 2389 2627 2551 2676; x_wconf 76' lang='lat' dir='ltr'>nigrum.</span> 
     </span>
     <span class='ocr_line' id='line_1_113' title="bbox 1493 2677 2554 2728; baseline 0.006 -16"><span class='ocrx_word' id='word_1_787' title='bbox 1493 2678 1535 2713; x_wconf 92' lang='lat' dir='ltr'>In</span> <span class='ocrx_word' id='word_1_788' title='bbox 1555 2677 1783 2725; x_wconf 89' lang='lat' dir='ltr'>quibusdam</span> <span class='ocrx_word' id='word_1_789' title='bbox 1804 2684 1944 2725; x_wconf 87' lang='lat' dir='ltr'>autem,</span> <span class='ocrx_word' id='word_1_790' title='bbox 1967 2680 2178 2726; x_wconf 84' lang='lat' dir='ltr'>secundum</span> <span class='ocrx_word' id='word_1_791' title='bbox 2198 2680 2407 2728; x_wconf 83' lang='lat' dir='ltr'>perfectum</span> <span class='ocrx_word' id='word_1_792' title='bbox 2429 2688 2465 2718; x_wconf 89' lang='lat' dir='ltr'>et</span> <span class='ocrx_word' id='word_1_793' title='bbox 2481 2681 2554 2718; x_wconf 89' lang='lat' dir='ltr'>im-</span> 
     </span>
     <span class='ocr_line' id='line_1_114' title="bbox 1492 2730 2552 2781; baseline 0.006 -16"><span class='ocrx_word' id='word_1_794' title='bbox 1492 2731 1723 2779; x_wconf 89' lang='lat' dir='ltr'>perfectum:</span> <span class='ocrx_word' id='word_1_795' title='bbox 1752 2730 1855 2767; x_wconf 89' lang='lat' dir='ltr'>unde</span> <span class='ocrx_word' id='word_1_796' title='bbox 1874 2730 1913 2767; x_wconf 94' lang='lat' dir='ltr'>in</span> <span class='ocrx_word' id='word_1_797' title='bbox 1932 2731 2212 2769; x_wconf 86' lang='lat' dir='ltr'>alterationibus</span> <span class='ocrx_word' id='word_1_798' title='bbox 2231 2733 2351 2781; x_wconf 86' lang='lat' dir='ltr'>magis</span> <span class='ocrx_word' id='word_1_799' title='bbox 2371 2741 2407 2770; x_wconf 88' lang='lat' dir='ltr'>et</span> <span class='ocrx_word' id='word_1_800' title='bbox 2426 2733 2552 2771; x_wconf 83' lang='lat' dir='ltr'>minus</span> 
     </span>
     <span class='ocr_line' id='line_1_115' title="bbox 1493 2783 2553 2831; baseline 0.006 -13"><span class='ocrx_word' id='word_1_801' title='bbox 1493 2783 1727 2831; x_wconf 87' lang='lat' dir='ltr'>accipiuntur</span> <span class='ocrx_word' id='word_1_802' title='bbox 1744 2791 1786 2819; x_wconf 90' lang='lat' dir='ltr'>ut</span> <span class='ocrx_word' id='word_1_803' title='bbox 1800 2788 1812 2804; x_wconf 75' lang='lat'>⁸</span> <span class='ocrx_word' id='word_1_804' title='bbox 1832 2784 2031 2830; x_wconf 88' lang='lat' dir='ltr'>contraria,</span> <span class='ocrx_word' id='word_1_805' title='bbox 2046 2792 2088 2821; x_wconf 93' lang='lat' dir='ltr'>ut</span> <span class='ocrx_word' id='word_1_806' title='bbox 2107 2797 2196 2822; x_wconf 88' lang='lat' dir='ltr'>cum</span> <span class='ocrx_word' id='word_1_807' title='bbox 2216 2785 2264 2822; x_wconf 88' lang='lat' dir='ltr'>de</span> <span class='ocrx_word' id='word_1_808' title='bbox 2283 2786 2409 2823; x_wconf 86' lang='lat' dir='ltr'>minus</span> <span class='ocrx_word' id='word_1_809' title='bbox 2428 2786 2553 2830; x_wconf 82' lang='lat' dir='ltr'>calido</span> 
     </span>
    </p>
   </div>
   <div class='ocr_carea' id='block_1_21' title="bbox 1492 2836 2588 2887">
    <p class='ocr_par' dir='ltr' id='par_1_32' title="bbox 1492 2836 2588 2887">
     <span class='ocr_line' id='line_1_116' title="bbox 1492 2836 2588 2887; baseline 0.005 -16"><span class='ocrx_word' id='word_1_810' title='bbox 1492 2836 1535 2872; x_wconf 88' lang='lat' dir='ltr'>fit</span> <span class='ocrx_word' id='word_1_811' title='bbox 1563 2836 1681 2883; x_wconf 89' lang='lat' dir='ltr'>magis</span> <span class='ocrx_word' id='word_1_812' title='bbox 1715 2836 1901 2884; x_wconf 83' lang='lat' dir='ltr'>calidum,</span> <span class='ocrx_word' id='word_1_813' title='bbox 1929 2843 1972 2873; x_wconf 83' lang='lat' dir='ltr'>ut</span> <span class='ocrx_word' id='word_1_814' title='bbox 2000 2836 2133 2874; x_wconf 87' lang='lat' dir='ltr'>dicitur</span> <span class='ocrx_word' id='word_1_815' title='bbox 2160 2838 2198 2875; x_wconf 85' lang='lat' dir='ltr'>in</span> <span class='ocrx_word' id='word_1_816' title='bbox 2225 2838 2261 2875; x_wconf 89' lang='lat' dir='ltr'><strong>V</strong></span> <span class='ocrx_word' id='word_1_817' title='bbox 2288 2838 2436 2887; x_wconf 80' lang='lat' dir='ltr'>Physic.</span> <span class='ocrx_word' id='word_1_818' title='bbox 2456 2839 2477 2862; x_wconf 76' lang='lat'>⁸</span> <span class='ocrx_word' id='word_1_819' title='bbox 2503 2838 2553 2878; x_wconf 63' lang='lat' dir='ltr'>E!</span> <span class='ocrx_word' id='word_1_820' title='bbox 2578 2851 2588 2862; x_wconf 90' lang='lat'><strong>·</strong></span> 
     </span>
    </p>
   </div>
   <div class='ocr_carea' id='block_1_22' title="bbox 1490 2888 2554 3416">
    <p class='ocr_par' dir='ltr' id='par_1_33' title="bbox 1490 2888 2553 3043">
     <span class='ocr_line' id='line_1_117' title="bbox 1492 2888 2552 2940; baseline 0.006 -16"><span class='ocrx_word' id='word_1_821' title='bbox 1492 2889 1579 2938; x_wconf 88' lang='lat' dir='ltr'>quia</span> <span class='ocrx_word' id='word_1_822' title='bbox 1606 2889 1814 2937; x_wconf 87' lang='lat' dir='ltr'>perfectum</span> <span class='ocrx_word' id='word_1_823' title='bbox 1840 2897 1877 2925; x_wconf 87' lang='lat' dir='ltr'>et</span> <span class='ocrx_word' id='word_1_824' title='bbox 1903 2888 2168 2938; x_wconf 81' lang='lat' dir='ltr'>imperfectum</span> <span class='ocrx_word' id='word_1_825' title='bbox 2198 2898 2454 2940; x_wconf 87' lang='lat' dir='ltr'>opponuntur,</span> <span class='ocrx_word' id='word_1_826' title='bbox 2482 2892 2552 2930; x_wconf 89' lang='lat' dir='ltr'>im-</span> 
     </span>
     <span class='ocr_line' id='line_1_118' title="bbox 1490 2941 2553 2995; baseline 0.006 -18"><span class='ocrx_word' id='word_1_827' title='bbox 1490 2941 1670 2991; x_wconf 90' lang='lat' dir='ltr'>possibile</span> <span class='ocrx_word' id='word_1_828' title='bbox 1691 2949 1746 2978; x_wconf 87' lang='lat' dir='ltr'>est</span> <span class='ocrx_word' id='word_1_829' title='bbox 1764 2942 1869 2990; x_wconf 92' lang='lat' dir='ltr'>quod</span> <span class='ocrx_word' id='word_1_830' title='bbox 1887 2942 2244 2990; x_wconf 78' lang='lat' dir='ltr'>simu1‚secundum</span> <span class='ocrx_word' id='word_1_831' title='bbox 2268 2943 2382 2992; x_wconf 89' lang='lat' dir='ltr'>idem,</span> <span class='ocrx_word' id='word_1_832' title='bbox 2404 2945 2452 2982; x_wconf 85' lang='lat' dir='ltr'>sit</span> <span class='ocrx_word' id='word_1_833' title='bbox 2467 2956 2553 2995; x_wconf 87' lang='lat' dir='ltr'>per-</span> 
     </span>
     <span class='ocr_line' id='line_1_119' title="bbox 1491 2995 1939 3043; baseline 0 -12"><span class='ocrx_word' id='word_1_834' title='bbox 1491 2995 1601 3031; x_wconf 89' lang='lat' dir='ltr'>fectio</span> <span class='ocrx_word' id='word_1_835' title='bbox 1631 3003 1666 3031; x_wconf 92' lang='lat' dir='ltr'>et</span> <span class='ocrx_word' id='word_1_836' title='bbox 1693 2995 1939 3043; x_wconf 87' lang='lat' dir='ltr'>imperfectio.</span> 
     </span>
    </p>

    <p class='ocr_par' dir='ltr' id='par_1_34' title="bbox 1490 3040 2554 3416">
     <span class='ocr_line' id='line_1_120' title="bbox 1544 3040 2553 3099; baseline 0.004 -15"><span class='ocrx_word' id='word_1_837' title='bbox 1544 3049 1612 3084; x_wconf 86' lang='lat' dir='ltr'>Est</span> <span class='ocrx_word' id='word_1_838' title='bbox 1650 3055 1776 3084; x_wconf 88' lang='lat' dir='ltr'>autem</span> <span class='ocrx_word' id='word_1_839' title='bbox 1818 3048 2136 3085; x_wconf 88' lang='lat' dir='ltr'>considerandum</span> <span class='ocrx_word' id='word_1_840' title='bbox 2172 3049 2277 3097; x_wconf 87' lang='lat' dir='ltr'>quod</span> <span class='ocrx_word' id='word_1_841' title='bbox 2315 3040 2553 3099; x_wconf 54' lang='lat' dir='ltr'>imperfecti&amp;</span> 
     </span>
     <span class='ocr_line' id='line_1_121' title="bbox 1491 3100 2554 3160; baseline 0.005 -24"><span class='ocrx_word' id='word_1_842' title='bbox 1491 3100 1646 3148; x_wconf 90' lang='lat' dir='ltr'>quidem</span> <span class='ocrx_word' id='word_1_843' title='bbox 1668 3100 1899 3160; x_wconf 81' lang='lat' dir='ltr'>quandoque</span> <span class='ocrx_word' id='word_1_844' title='bbox 1920 3108 1976 3138; x_wconf 91' lang='lat' dir='ltr'>est</span> <span class='ocrx_word' id='word_1_845' title='bbox 2003 3102 2050 3138; x_wconf 90' lang='lat' dir='ltr'>de</span> <span class='ocrx_word' id='word_1_846' title='bbox 2079 3101 2224 3138; x_wconf 86' lang='lat' dir='ltr'>ratione</span> <span class='ocrx_word' id='word_1_847' title='bbox 2243 3101 2308 3148; x_wconf 89' lang='lat' dir='ltr'>rei,</span> <span class='ocrx_word' id='word_1_848' title='bbox 2329 3110 2366 3139; x_wconf 84' lang='lat' dir='ltr'>&#39;et</span> <span class='ocrx_word' id='word_1_849' title='bbox 2389 3102 2554 3152; x_wconf 73' lang='lat' dir='ltr'>pertinet</span> 
     </span>
     <span class='ocr_line' id='line_1_122' title="bbox 1491 3153 2552 3205; baseline 0.003 -15"><span class='ocrx_word' id='word_1_850' title='bbox 1491 3153 1538 3190; x_wconf 82' lang='lat' dir='ltr'>ad</span> <span class='ocrx_word' id='word_1_851' title='bbox 1559 3153 1725 3202; x_wconf 85' lang='lat' dir='ltr'>speciem</span> <span class='ocrx_word' id='word_1_852' title='bbox 1749 3153 1882 3202; x_wconf 89' lang='lat' dir='ltr'>ipsius:</span> <span class='ocrx_word' id='word_1_853' title='bbox 1912 3154 2008 3190; x_wconf 88' lang='lat' dir='ltr'>sicut</span> <span class='ocrx_word' id='word_1_854' title='bbox 2027 3154 2193 3192; x_wconf 85' lang='lat' dir='ltr'>defectus</span> <span class='ocrx_word' id='word_1_855' title='bbox 2217 3155 2371 3192; x_wconf 75' lang='lat' dir='ltr'>mtionis</span> <span class='ocrx_word' id='word_1_856' title='bbox 2388 3156 2552 3205; x_wconf 71' lang='lat' dir='ltr'>pert-ruet</span> 
     </span>
     <span class='ocr_line' id='line_1_123' title="bbox 1491 3205 2551 3256; baseline 0.004 -14"><span class='ocrx_word' id='word_1_857' title='bbox 1491 3206 1539 3243; x_wconf 88' lang='lat' dir='ltr'>ad</span> <span class='ocrx_word' id='word_1_858' title='bbox 1559 3205 1745 3243; x_wconf 89' lang='lat' dir='ltr'>rationem</span> <span class='ocrx_word' id='word_1_859' title='bbox 1765 3206 1903 3255; x_wconf 89' lang='lat' dir='ltr'>speciei</span> <span class='ocrx_word' id='word_1_860' title='bbox 1922 3207 2011 3255; x_wconf 83' lang='lat' dir='ltr'>equi</span> <span class='ocrx_word' id='word_1_861' title='bbox 2029 3208 2092 3244; x_wconf 84' lang='lat' dir='ltr'>vel</span> <span class='ocrx_word' id='word_1_862' title='bbox 2112 3207 2235 3245; x_wconf 85' lang='lat' dir='ltr'>bovis.</span> <span class='ocrx_word' id='word_1_863' title='bbox 2256 3207 2307 3244; x_wconf 74' lang='lat' dir='ltr'>Et</span> <span class='ocrx_word' id='word_1_864' title='bbox 2324 3208 2413 3256; x_wconf 80' lang='lat' dir='ltr'>quia</span> <span class='ocrx_word' id='word_1_865' title='bbox 2427 3216 2551 3246; x_wconf 74' lang='lat' dir='ltr'>unum</span> 
     </span>
     <span class='ocr_line' id='line_1_124' title="bbox 1492 3252 2549 3308; baseline 0.003 -13"><span class='ocrx_word' id='word_1_866' title='bbox 1492 3266 1528 3295; x_wconf 91' lang='lat' dir='ltr'>et</span> <span class='ocrx_word' id='word_1_867' title='bbox 1553 3259 1656 3296; x_wconf 89' lang='lat' dir='ltr'>idem</span> <span class='ocrx_word' id='word_1_868' title='bbox 1685 3270 1845 3296; x_wconf 88' lang='lat' dir='ltr'>numero</span> <span class='ocrx_word' id='word_1_869' title='bbox 1869 3268 2030 3297; x_wconf 82' lang='lat' dir='ltr'>manens</span> <span class='ocrx_word' id='word_1_870' title='bbox 2049 3271 2127 3297; x_wconf 89' lang='lat' dir='ltr'>non</span> <span class='ocrx_word' id='word_1_871' title='bbox 2150 3267 2275 3308; x_wconf 92' lang='lat' dir='ltr'>potest</span> <span class='ocrx_word' id='word_1_872' title='bbox 2293 3252 2482 3298; x_wconf 76' lang='lat' dir='ltr'>transferri</span> <span class='ocrx_word' id='word_1_873' title='bbox 2499 3261 2549 3298; x_wconf 78' lang='lat' dir='ltr'>de</span> 
     </span>
     <span class='ocr_line' id='line_1_125' title="bbox 1490 3311 2548 3362; baseline 0.002 -14"><span class='ocrx_word' id='word_1_874' title='bbox 1490 3324 1567 3348; x_wconf 86' lang='lat' dir='ltr'>una</span> <span class='ocrx_word' id='word_1_875' title='bbox 1595 3311 1720 3361; x_wconf 90' lang='lat' dir='ltr'>specie</span> <span class='ocrx_word' id='word_1_876' title='bbox 1747 3312 1786 3348; x_wconf 93' lang='lat' dir='ltr'>in</span> <span class='ocrx_word' id='word_1_877' title='bbox 1815 3312 1939 3359; x_wconf 90' lang='lat' dir='ltr'>aliam,</span> <span class='ocrx_word' id='word_1_878' title='bbox 1968 3312 2057 3349; x_wconf 87' lang='lat' dir='ltr'>inde</span> <span class='ocrx_word' id='word_1_879' title='bbox 2079 3319 2137 3350; x_wconf 83' lang='lat' dir='ltr'>est</span> <span class='ocrx_word' id='word_1_880' title='bbox 2156 3313 2273 3362; x_wconf 84' lang='lat' dir='ltr'>quod,</span> <span class='ocrx_word' id='word_1_881' title='bbox 2293 3313 2355 3350; x_wconf 85' lang='lat' dir='ltr'>tali</span> <span class='ocrx_word' id='word_1_882' title='bbox 2373 3313 2548 3362; x_wconf 72' lang='lat' dir='ltr'>imperfe-</span> 
     </span>
     <span class='ocr_line' id='line_1_126' title="bbox 1492 3364 2547 3416; baseline 0.003 -15"><span class='ocrx_word' id='word_1_883' title='bbox 1492 3365 1614 3401; x_wconf 91' lang='lat' dir='ltr'>ctione</span> <span class='ocrx_word' id='word_1_884' title='bbox 1643 3365 1800 3412; x_wconf 84' lang='lat' dir='ltr'>sublata,</span> <span class='ocrx_word' id='word_1_885' title='bbox 1830 3364 1967 3402; x_wconf 92' lang='lat' dir='ltr'>tollitur</span> <span class='ocrx_word' id='word_1_886' title='bbox 1994 3365 2138 3414; x_wconf 92' lang='lat' dir='ltr'>species</span> <span class='ocrx_word' id='word_1_887' title='bbox 2159 3365 2233 3403; x_wconf 88' lang='lat' dir='ltr'>rei:</span> <span class='ocrx_word' id='word_1_888' title='bbox 2262 3366 2357 3403; x_wconf 85' lang='lat' dir='ltr'>sicut</span> <span class='ocrx_word' id='word_1_889' title='bbox 2374 3365 2449 3404; x_wconf 84' lang='lat' dir='ltr'>iam</span> <span class='ocrx_word' id='word_1_890' title='bbox 2468 3376 2547 3416; x_wconf 84' lang='lat' dir='ltr'>non</span> 
     </span>
    </p>
   </div>
   <div class='ocr_carea' id='block_1_23' title="bbox 1541 3478 2022 3546">
    <p class='ocr_par' dir='ltr' id='par_1_35' title="bbox 1541 3478 2022 3546">
     <span class='ocr_line' id='line_1_127' title="bbox 1541 3478 2017 3512; baseline 0 -9"><span class='ocrx_word' id='word_1_891' title='bbox 1541 3478 1565 3512; x_wconf 83' lang='grc' dir='ltr'>δ)</span> <span class='ocrx_word' id='word_1_892' title='bbox 1587 3486 1676 3503; x_wconf 81' lang='lat' dir='ltr'>unum.</span> <span class='ocrx_word' id='word_1_893' title='bbox 1695 3493 1713 3497; x_wconf 90' lang='lat'><em>-</em></span> <span class='ocrx_word' id='word_1_894' title='bbox 1732 3479 1880 3510; x_wconf 79' lang='lat' dir='ltr'>oppositum</span> <span class='ocrx_word' id='word_1_895' title='bbox 1901 3478 1971 3503; x_wconf 90' lang='lat' dir='ltr'>addit</span> <span class='ocrx_word' id='word_1_896' title='bbox 1990 3479 2017 3503; x_wconf 84' lang='lat' dir='ltr'>P.</span> 
     </span>
     <span class='ocr_line' id='line_1_128' title="bbox 1542 3513 2022 3546; baseline 0.002 -9"><span class='ocrx_word' id='word_1_897' title='bbox 1542 3514 1563 3546; x_wconf 85' lang='grc' dir='ltr'>ε)</span> <span class='ocrx_word' id='word_1_898' title='bbox 1584 3517 1622 3539; x_wconf 81' lang='lat' dir='ltr'>ut.</span> <span class='ocrx_word' id='word_1_899' title='bbox 1639 3527 1657 3533; x_wconf 92' lang='lat'><em>-</em></span> <span class='ocrx_word' id='word_1_900' title='bbox 1676 3514 1738 3539; x_wconf 90' lang='lat' dir='ltr'>Om.</span> <span class='ocrx_word' id='word_1_901' title='bbox 1756 3513 2022 3538; x_wconf 80' lang='lat' dir='ltr'>ABCDEFGHIKsL.</span> 
     </span>
    </p>
   </div>
   <div class='ocr_carea' id='block_1_24' title="bbox 2582 525 2665 574">
    <p class='ocr_par' dir='ltr' id='par_1_36' title="bbox 2582 525 2665 574">
     <span class='ocr_line' id='line_1_129' title="bbox 2583 525 2665 553; baseline 0.012 -6"><span class='ocrx_word' id='word_1_902' title='bbox 2583 526 2591 535; x_wconf 85' lang='lat'>¹</span> <span class='ocrx_word' id='word_1_903' title='bbox 2617 525 2665 553; x_wconf 87' lang='lat' dir='ltr'>Qu.</span> 
     </span>
     <span class='ocr_line' id='line_1_130' title="bbox 2582 555 2662 574; baseline 0.013 -1"><span class='ocrx_word' id='word_1_904' title='bbox 2582 555 2625 574; x_wconf 79' lang='lat' dir='ltr'>art.</span> <span class='ocrx_word' id='word_1_905' title='bbox 2644 558 2662 574; x_wconf 90' lang='lat'>1.</span> 
     </span>
    </p>
   </div>
   <div class='ocr_carea' id='block_1_25' title="bbox 2683 532 2780 555">
    <p class='ocr_par' dir='ltr' id='par_1_37' title="bbox 2683 532 2780 555">
     <span class='ocr_line' id='line_1_131' title="bbox 2683 532 2780 555; baseline 0.01 -7"><span class='ocrx_word' id='word_1_906' title='bbox 2683 532 2768 549; x_wconf 55' lang='lat' dir='ltr'>cxxxix</span> <span class='ocrx_word' id='word_1_907' title='bbox 2773 543 2780 555; x_wconf 93' lang='lat'>‚</span> 
     </span>
    </p>
   </div>
   <div class='ocr_carea' id='block_1_26' title="bbox 2583 683 2783 712">
    <p class='ocr_par' dir='ltr' id='par_1_38' title="bbox 2583 683 2783 712">
     <span class='ocr_line' id='line_1_132' title="bbox 2583 683 2783 712; baseline 0.015 -8"><span class='ocrx_word' id='word_1_908' title='bbox 2583 684 2592 694; x_wconf 88' lang='grc'>·</span> <span class='ocrx_word' id='word_1_909' title='bbox 2607 683 2660 705; x_wconf 78' lang='lat' dir='ltr'>Art.</span> <span class='ocrx_word' id='word_1_910' title='bbox 2674 683 2783 712; x_wconf 74' lang='lat' dir='ltr'>praeced.</span> 
     </span>
    </p>
   </div>
  </div>
 </body>
</html>
