2852 4152
113 1197 124 1207 ⁴*
140 1196 195 1223 Cap.
211 1201 237 1216 11.

113 1413 123 1422 '
138 1413 193 1433 Loc.
209 1411 248 1432 cit.

113 1439 134 1448 ·”
153 1438 189 1459 Cf.
204 1437 235 1458 111
256 1437 322 1458 Cont.

113 1464 189 1490 Gent„
198 1469 322 1490 cap.xxvr;

111 1491 148 1511 De
174 1489 258 1515 Verit.‚
283 1495 321 1516 qu.

111 1522 169 1540 xxti,
185 1519 226 1537 art.
238 1522 266 1537 12,

112 1544 121 1552 ‘
136 1543 172 1564 Cf.
183 1543 242 1563 Part.
253 1542 271 1567 Ι,
282 1547 321 1568 qu.

110 1575 179 1595 ¹-xxx,
195 1572 236 1589 art.
247 1574 270 1594 κς
282 1574 321 1594 qu.

110 1601 190 1642 Lgxxu
202 1611 208 1621 ‚
230 1598 273 1616 art.
293 1599 304 1621 3
317 1610 322 1617 .

111 1627 124 1642 a
154 1627 174 1643 2.

113 1936 122 1945 ⁶
134 1935 181 1962 Qu.
191 1941 222 1961 ικ,
234 1938 276 1956 art.
287 1941 302 1956 ι.

111 2067 121 2077 “
135 2066 205 2088 Num.
222 2073 237 2087 1.

112 2247 121 2256 '¹
131 2245 202 2266 Num.
218 2244 323 2273 praeced.

111 2277 121 2286 ⁶
137 2276 184 2302 Qu.
201 2282 234 2302 ix,
249 2278 291 2297 art.
302 2281 321 2297 ι,

112 2301 244 2324 Comment.
257 2308 320 2323 num.

112 2334 139 2350 111
154 2334 205 2356 sqq.

365 216 433 251 172

358 281 534 321 appetitum
557 281 731 320 dupliciter,
752 281 889 312 effective
913 281 1037 317 scilicet,
1055 288 1084 312 et
1103 280 1251 311 finaliter:
1277 280 1414 311 effective

355 325 497 365 quidem,
524 325 682 355 causando
706 325 813 365 ipsum
836 331 941 355 actum
965 325 1135 365 appetitus;
1164 323 1296 354 finaliter
1318 333 1412 359 vero,

357 369 511 409 quoniam
532 369 599 408 ipse
618 375 706 399 actus
728 368 761 398 in
784 369 924 408 appetitu
943 375 1095 404 causatuS‚
1118 367 1217 398 tendit
1239 367 1271 396 in
1291 367 1414 396 bonum

357 413 590 452 apprehensum
606 419 642 442 ut
657 412 763 443 finem.
789 412 972 442 Differenter
987 419 1092 442 tamen
1110 410 1342 450 apprehensum
1356 410 1412 439 bo-

357 465 436 486 num
459 463 566 486 causat
588 462 724 496 utroque
747 457 862 486 modo:
887 455 961 495 quia
984 455 1023 484 ad
1048 454 1242 484 causandum
1265 452 1411 488 effective,

356 499 455 532 utitur
478 509 544 530 esse
568 506 603 530 ut
627 499 744 535 forma;
769 499 808 528 ad
832 499 1025 529 causandum
1048 507 1122 527 vero
1145 496 1291 531 finaliter,
1315 496 1413 526 utitur

356 553 423 573 esse
446 550 482 573 ut
505 553 581 573 esse.
597 543 775 583 Appetibile
795 542 889 577 enim,
907 548 983 581 puta
1007 540 1120 570 sanitas
1136 539 1339 579 apprehensa,
1364 549 1411 569 ra-

355 586 442 616 tione
458 587 507 617 sui
530 596 596 617 esse
612 586 702 626 quasi
726 586 837 621 forma,
855 585 928 615 facit
950 584 983 613 in
1000 583 1139 623 appetitu
1157 582 1347 613 desiderium
1363 583 1411 613 sui

356 637 391 660 ut
414 630 453 660 sit
467 630 499 660 in
517 640 582 660 esse
598 630 689 665 reali;
713 629 798 659 iuxta
820 628 899 658 illud
917 627 1074 662 Averrois,
1090 626 1123 656 in
1141 626 1199 656 XII
1215 627 1410 667 Metaphys„

355 680 538 704 commento
562 682 668 703 xxxw:
690 673 847 703 Balneum
866 673 897 701 in
921 672 1029 700 anima
1046 671 1116 710 agit
1130 670 1334 707 desiderium,
1352 677 1409 700 etc.

355 717 447 748 Unde
470 717 549 747 inter
572 723 685 746 ceteras
707 716 900 746 causalitates
917 714 1079 750 effectivas,
1098 720 1128 744 et
1142 713 1222 744 hanc
1238 723 1300 753 qua
1315 723 1411 753 appe7

354 760 440 791 tibile
459 766 567 790 movet
586 760 770 799 appetitum,
791 758 906 798 duplex
930 764 975 788 est
998 756 1180 787 differentia.
1203 757 1319 792 Prima,
1340 757 1411 788 licet

354 804 487 840 occulta,
510 810 555 833 est
578 803 652 842 quia
674 802 802 841 reliquis
827 801 928 831 forma
951 807 998 831 est
1019 801 1098 831 ratio
1123 800 1248 840 agendi,
1274 801 1358 830 unde
1381 807 1412 830 et

353 857 483 887 passum
502 846 690 876 assimilatur
708 845 828 885 agenti:
852 845 885 874 in
909 845 967 875 hac
982 854 1066 880 vero,
1083 851 1118 874 ut
1133 845 1257 874 bonum
1273 844 1410 874 invenia-

352 897 404 921 tur
422 890 622 920 omnifariam
638 889 799 919 obiectum
815 888 947 918 formale
970 887 1137 928 appetitus,
1162 897 1228 917 esse
1247 887 1350 918 induit
1365 898 1411 917 ra-

352 934 473 964 tionem
489 934 627 967 formae;
648 933 732 963 unde
750 931 906 972 appetitus
930 941 995 961 non
1019 931 1149 971 suscipit
1172 931 1411 961 similitudinem

353 978 488 1016 agentis,
513 977 566 1006 sed
590 976 779 1006 conveniens
808 975 866 1005 sibi
890 975 923 1005 in
946 975 1056 1005 ordine
1085 975 1124 1004 ad
1146 975 1207 1005 tale
1230 974 1409 1014 appetibile.

352 1021 495 1051 Secunda
514 1027 560 1050 est
583 1019 762 1050 manifesta:
788 1019 863 1059 quia
886 1019 918 1048 in
943 1018 1050 1049 ceteris
1068 1028 1160 1048 causa
1183 1017 1321 1047 effectiva
1344 1027 1410 1047 non

351 1074 407 1103 per
430 1074 462 1093 se
486 1070 532 1093 est
554 1063 614 1093 nisi
638 1063 792 1098 effectiva;
816 1063 849 1092 in
873 1062 931 1092 hac
953 1072 1027 1092 vero
1051 1061 1225 1092 necessario
1248 1061 1316 1100 ipsa
1340 1060 1409 1090 effe-

351 1108 431 1138 ctiva
450 1113 495 1138 est
513 1106 615 1136 finalis
639 1117 704 1137 non
720 1116 775 1146 per
792 1106 944 1142 accidens,
965 1106 1018 1136 sed
1042 1115 1098 1145 per
1114 1113 1162 1141 se;
1187 1104 1340 1144 quoniam
1356 1114 1411 1143 per

352 1162 384 1181 se
407 1150 533 1181 effectus
557 1150 624 1180 eius
649 1158 695 1181 est
717 1157 804 1181 actus
828 1160 883 1190 per
907 1159 939 1180 se
962 1149 1093 1179 tendens
1116 1148 1149 1178 in
1173 1157 1300 1178 causam
1322 1147 1410 1177 illam

351 1201 387 1225 ut
402 1194 508 1225 finem.
533 1195 665 1234 Propter
679 1195 767 1235 quod
783 1196 947 1229 Averroes,
967 1193 1000 1222 in
1016 1193 1054 1222 de
1071 1192 1255 1222 Substantia
1275 1191 1369 1222 Orbis
1382 1190 1408 1227 *‚

350 1238 549 1279 reprehendit
571 1238 707 1269 dicentes
731 1237 827 1268 finem
850 1247 915 1266 non
940 1246 1006 1266 esse
1030 1245 1140 1274 agens,
1164 1235 1298 1265 dicendo
1322 1235 1410 1275 quod

340 1283 424 1323 finis
446 1282 607 1323 significat
629 1291 731 1322 agens
753 1281 987 1321 significatione
1012 1280 1201 1309 necessaria.
1227 1278 1311 1315 Quia
1334 1288 1409 1309 vero

352 1326 514 1356 causalitas
533 1325 592 1355 ista
607 1336 673 1355 non
690 1331 744 1360 est,
762 1334 819 1354 nec
836 1330 940 1364 potest
955 1333 1021 1353 esse
1036 1332 1114 1362 pure
1131 1322 1279 1359 effectiva,
1294 1323 1348 1352 sed
1365 1329 1411 1353 est

352 1370 490 1401 effectiva
513 1375 543 1399 et
566 1369 682 1404 finalis;
708 1374 935 1399 connumerata
954 1373 1000 1397 est
1020 1377 1093 1397 curn
1109 1365 1195 1396 finali
1212 1376 1230 1396 a
1245 1366 1410 1397 s.Thoma

350 1415 384 1444 in
399 1414 504 1444 Prima
518 1413 639 1443 Parte*
663 1418 692 1442 et
718 1411 791 1442 alibi
805 1411 850 1442 W.
877 1411 961 1448 Quia
980 1417 1087 1441 autem
1110 1410 1143 1440 in
1166 1410 1293 1440 veritate
1316 1410 1409 1441 inter-

351 1457 436 1488 venit
459 1456 621 1487 causalitas
638 1455 786 1492 effectiva,
803 1455 875 1485 ideo
892 1455 942 1485 hic
966 1461 996 1485 et
1019 1454 1125 1484 alibi*
1147 1454 1340 1495 quandoque
1359 1464 1409 1484 ex-

351 1501 496 1542 primitur
512 1501 600 1540 quod
623 1501 747 1530 bonum
770 1498 1002 1539 apprehensum
1026 1504 1071 1528 est
1094 1497 1241 1534 activum,
1267 1504 1297 1528 et
1316 1508 1409 1538 appe-

350 1545 425 1576 titus
449 1551 495 1575 est
517 1544 670 1584 passivus,
696 1550 752 1574 etc.

405 1589 462 1619 Est
484 1597 558 1627 ergo
583 1587 754 1618 differentia
781 1587 862 1617 inter
888 1586 1082 1616 intellectum
1105 1592 1135 1616 et
1157 1585 1354 1615 voluntatem
1377 1585 1410 1615 in

351 1632 511 1663 movendo
535 1632 569 1662 in
584 1632 655 1667 hoc,
673 1631 762 1671 quod
777 1631 924 1661 voluntas
941 1637 1047 1660 movet
1063 1629 1200 1660 effective
1216 1629 1409 1659 intellectum

351 1684 382 1707 et
404 1677 479 1707 alias
508 1676 631 1706 animae
662 1675 742 1705 vires
766 1675 873 1716 quoad
897 1673 1078 1704 exercitium
1107 1680 1211 1704 actus:
1234 1673 1409 1703 intellectus

351 1727 458 1751 autem
481 1726 589 1750 movet
611 1719 698 1749 illam
721 1718 863 1754 finaliter,
881 1725 911 1748 et
929 1728 1003 1748 cum
1026 1717 1087 1747 hoc
1111 1717 1258 1753 effective,
1283 1717 1323 1746 ad
1342 1727 1410 1756 spe—

352 1763 559 1795 cificationem
583 1770 686 1799 actus,
711 1770 741 1793 et
764 1763 815 1792 illa
839 1761 1003 1792 efficientia
1031 1771 1112 1801 quae
1142 1760 1316 1791 necessario
1339 1761 1409 1790 iun-

350 1808 433 1847 gitur
454 1805 520 1837 fini.
545 1808 676 1846 Propter
699 1807 796 1847 qu0d‚
814 1813 849 1836 ut
865 1805 985 1837 dictum
1008 1812 1063 1841 est,
1078 1803 1179 1834 finalis
1195 1811 1319 1835 tantum
1339 1814 1410 1834 cau-

351 1852 454 1881 salitas
478 1860 621 1890 expressa
646 1857 701 1880 est.

404 1895 454 1925 III.
476 1895 574 1931 Quod
595 1901 702 1924 autem
724 1894 800 1923 haec
824 1893 863 1923 sit
876 1892 1023 1923 Auctoris
1047 1902 1146 1928 menS,
1163 1901 1228 1921 non
1253 1891 1359 1921 solum
1374 1901 1410 1921 ex

351 1938 440 1969 dictis
463 1948 549 1968 nunc
571 1938 677 1967 haberi
693 1943 807 1977 potest,
832 1937 887 1966 sed
910 1946 947 1966 ex
969 1935 1114 1976 superius
1130 1935 1146 1954 *
1170 1935 1269 1971 dictis,
1295 1935 1411 1965 scilicet

350 1982 438 2023 quod
460 1982 635 2012 intellectus
658 1981 779 2012 ratione
795 1980 910 2010 obiecti
933 1986 1040 2009 movet
1059 1978 1236 2019 appetitum
1249 1978 1283 2008 in
1298 1988 1410 2018 genere

350 2035 462 2056 causae
478 2025 636 2055 formalis:
654 2025 692 2055 de
709 2035 774 2065 quo
791 2030 897 2054 tamen
920 2023 1008 2053 nulla
1031 2022 1063 2052 in
1086 2022 1191 2052 Prima
1213 2023 1312 2059 Parte,
1337 2022 1409 2052 loco

350 2069 485 2111 allegato
499 2069 525 2105 *,
549 2068 585 2099 fit
607 2068 737 2100 mentio.
762 2069 809 2098 Ex
832 2068 893 2098 hoc
917 2067 1002 2097 enim
1025 2066 1127 2096 habeo
1143 2066 1242 2106 quod,
1267 2065 1292 2095 si
1316 2066 1410 2096 etiam

350 2123 424 2143 cum
447 2113 583 2143 dictione
600 2112 756 2143 exclusiva
779 2114 900 2142 Auctor
923 2111 1049 2141 dixisset
1072 2110 1266 2140 intellectum
1282 2119 1410 2139 movere

348 2157 546 2187 voluntatem
573 2156 706 2187 finaliter
735 2156 858 2192 solum,
883 2155 986 2185 adhuc
1015 2161 1131 2185 starent
1153 2164 1234 2194 quae
1258 2153 1408 2184 diximus:

350 2211 388 2231 eo
419 2201 508 2241 quod
537 2200 674 2230 exclusio
705 2210 771 2230 non
801 2199 836 2229 fit
859 2209 877 2228 a
900 2198 1204 2234 concomitantibus,
1229 2203 1273 2233 et,
1299 2204 1334 2228 ut
1362 2197 1409 2227 di-

350 2251 438 2275 ctum
461 2251 506 2274 est
526 2244 560 2280 *,
587 2254 713 2274 causam
741 2242 868 2273 finalem
893 2242 1124 2272 concomitatur
1152 2241 1287 2272 efficiens
1316 2251 1411 2280 supra

351 2287 434 2318 dicto
450 2287 559 2323 modo,
578 2294 607 2318 et
622 2287 763 2318 formalis
786 2291 929 2327 respectu
953 2292 1092 2321 actuum,
1110 2291 1145 2315 ut
1161 2284 1305 2325 superius
1319 2284 1336 2303 *
1360 2294 1410 2315 ex-

350 2332 514 2372 planatum
538 2331 607 2361 fuit.

1038 204 1302 250 QUAESTIO
1333 205 1455 251 XXII,
1485 203 1778 240 ARTICULUS
1809 204 1857 239 111

1473 291 1519 351 IN
1543 281 1674 311 articulo
1698 280 1788 311 tertio
1812 279 1947 311 dubium
1961 280 2095 312 occurrit
2117 281 2156 311 de
2179 281 2241 312 hoc
2267 281 2356 321 quod
2380 281 2474 311 etiam
2493 281 2526 311 in

1499 324 1602 363 primo
1627 324 1758 354 articulo
1775 323 1894 354 dictum
1914 330 1968 360 est,
1985 324 2101 355 scilicet
2115 325 2204 365 quod
2227 325 2259 354 in
2279 325 2347 354 sola
2371 325 2476 355 anima
2496 331 2527 355 et

1467 367 1608 407 appetitu
1632 367 1823 397 intellectivo
1849 367 1937 398 nulla
1960 374 2006 398 est
2032 368 2158 408 proprie
2186 368 2302 408 passio.
2332 368 2389 398 Est
2418 375 2525 399 autem

1467 410 1546 440 ratio
1566 411 1652 440 dubii
1669 410 1742 450 quia
1765 410 1888 446 Scotus,
1911 410 1945 440 in
1968 411 1979 440 I
1995 411 2094 449 Sem„
2110 411 2179 442 dist.
2197 422 2217 448 1,
2233 422 2286 452 qu.
2304 422 2353 448 111,
2378 418 2408 442 et
2430 411 2463 442 in
2482 412 2525 442 IV

1467 453 1565 490 Sent„
1582 454 1653 485 dist.
1670 463 1750 488 xmx,
1767 463 1822 493 qu.
1837 463 1889 490 vn,
1906 454 1996 493 ponit
2011 454 2044 485 in
2059 455 2222 486 voluntate
2238 465 2305 485 non
2324 454 2431 484 solum
2447 465 2524 495 ope-

1466 496 1616 532 rationes,
1641 497 1695 527 sed
1719 496 1881 536 passiones
1903 497 2088 537 spirituales.
2111 499 2152 529 Et
2174 505 2331 539 quantum
2357 498 2425 537 ipse
2446 498 2523 528 insi-

1466 549 1563 569 nuare
1574 540 1706 575 videtur,
1723 539 1856 571 intendit
1871 541 1959 581 quod
1971 541 2117 572 voluntas
2131 548 2207 573 tunc
2223 548 2381 582 operatur,
2393 542 2522 582 quando

1467 582 1619 622 contingit
1643 583 1817 613 obiectum:
1842 590 1917 614 tunc
1936 591 2043 615 autem
2066 585 2191 625 patitur,
2208 585 2337 626 quando
2360 584 2470 624 recipit
2484 585 2522 615 ab

1466 626 1601 656 obiecto.
1631 627 1676 657 Ita
1699 627 1788 667 quod
1820 628 1961 667 operatio
1985 628 2148 669 coniungit
2174 629 2350 669 potentiam
2380 628 2521 658 obiecto:

1465 670 1570 710 passio
1600 677 1708 701 autem
1730 680 1813 706 non,
1838 671 1892 701 sed
1915 672 1954 702 ab
1977 671 2102 703 obiecto
2126 679 2172 702 est
2194 679 2230 703 ut
2253 682 2347 702 causa
2371 671 2522 702 efficiente

1466 720 1600 744 tantum.
1623 714 1718 743 Nulla
1742 720 1848 744 autem
1871 714 1947 745 haec
1963 715 2083 746 ratione
2105 716 2218 755 probat
2235 716 2270 746 in
2292 715 2443 755 generali:
2468 715 2523 745 sed

1466 757 1557 795 forte,
1582 767 1676 796 super
1699 757 1797 797 ipsius
1821 757 1975 797 passionis
1998 758 2117 789 nomen
2138 759 2273 796 innixus,
2291 766 2321 789 et
2339 759 2522 790 auctoritate

1465 801 1641 831 Aristotelis
1656 801 1674 820 *
1696 810 1791 836 usus,
1816 801 1905 840 quod
1928 800 2093 831 delectatio
2115 802 2258 842 sequitur
2284 802 2519 842 operationem,

1465 844 1555 884 quasi
1579 854 1635 884 per
1658 854 1690 874 se
1713 851 1828 874 notum
1851 844 1970 884 accepit
1992 844 2081 884 quod
2103 844 2218 876 falsum
2241 846 2397 876 credimus
2410 845 2438 876 *-

1520 888 1678 918 Passionis
1702 888 1788 918 enim
1803 897 1932 923 nomen,
1952 887 1985 917 in
2001 887 2120 927 primis,
2144 888 2177 918 in
2199 888 2456 920 immaterialibus
2470 889 2521 919 vel

1465 931 1505 961 ad
1527 932 1628 961 solam
1650 931 1875 971 receptionem,
1900 938 1935 961 ut
1957 931 1990 961 in
2005 931 2175 968 intellectu,
2191 932 2242 962 vel
2256 933 2296 963 ad
2309 933 2523 973 receptionem

1465 984 1521 1014 per
1536 975 1669 1004 modum
1685 975 1729 1004 rei
1745 985 1825 1014 quae
1842 974 1974 1005 trahitur
1989 974 2022 1004 in
2039 974 2133 1010 aliud,
2151 981 2187 1005 ut
2199 975 2232 1005 in
2247 976 2387 1015 appetitu
2403 976 2522 1007 intelle-

1465 1017 1557 1053 ctivo,
1576 1024 1698 1048 constat
1714 1018 1855 1054 inveniri,
1872 1028 1908 1048 ex
1924 1018 1965 1048 111
1980 1018 2019 1048 de
2034 1019 2151 1048 Anima
2160 1018 2188 1055 *‚
2205 1024 2236 1048 et
2249 1019 2277 1049 V
2293 1020 2475 1060 Metaphys.
2488 1019 2523 1039 **

1464 1061 1505 1091 Et
1521 1061 1592 1096 hoc,
1612 1061 1738 1100 proprie
1761 1061 1941 1101 loquendo:
1966 1061 2180 1101 metaphorice
2199 1061 2284 1092 enim
2299 1063 2522 1093 consuevimus

1464 1111 1551 1134 actus
1574 1104 1747 1135 voluntatis
1770 1104 1887 1134 similes
1910 1104 2110 1144 passionibus
2129 1105 2287 1144 appetitus
2302 1106 2449 1142 sensitivi,
2468 1116 2523 1136 vo-

1465 1158 1533 1178 care
1556 1148 1735 1188 passiones,
1757 1154 1792 1178 ut
1814 1148 1894 1178 velle
1916 1147 2088 1179 vindictam
2103 1158 2255 1179 vocamus
2277 1148 2366 1185 iram,
2390 1156 2422 1180 et
2443 1149 2523 1180 velle

1464 1192 1587 1222 malurn
1610 1191 1702 1222 alicui
1718 1201 1870 1223 vocamus
1887 1192 2008 1222 odium.
2033 1192 2074 1223 Et
2090 1192 2167 1223 haec
2190 1192 2311 1222 locutio
2326 1193 2454 1229 multos,
2474 1193 2523 1223 iu-

1465 1235 1546 1266 dicio
1570 1245 1653 1272 meo,
1679 1234 1796 1266 fefellit.
2045 1264 2047 1268 ,

1516 1279 1613 1316 Quod
1626 1285 1731 1310 autem
1747 1279 1912 1309 delectatio
1929 1285 2078 1319 sequatur
2094 1279 2322 1319 operationem,
2335 1279 2398 1309 hoc
2413 1279 2524 1310 accidit

1464 1323 1493 1353 ei
1515 1323 1707 1363 inquantum
1723 1330 1769 1354 est
1783 1323 1907 1363 passio:
1932 1333 1998 1353 non
2018 1322 2103 1352 enim
2127 1322 2231 1353 omnis
2254 1323 2358 1362 passio
2382 1323 2524 1364 sequitur

1464 1367 1507 1397 sic
1531 1366 1763 1407 operationem;
1787 1366 1888 1397 immo
1909 1372 1968 1397 stat
1986 1367 2074 1407 quod
2090 1366 2194 1406 passio
2211 1366 2250 1397 sit
2264 1366 2365 1406 prima
2381 1367 2522 1407 operatio

1464 1411 1632 1450 appetitus,
1645 1417 1681 1441 ut
1695 1417 1780 1450 patet
1796 1411 1835 1441 de
1851 1419 1968 1441 amore.
1993 1410 2034 1440 Et
2049 1417 2084 1440 tu
2100 1417 2191 1450 potes
2208 1410 2251 1440 sic
2266 1410 2418 1450 inspicere
2433 1411 2523 1451 quod

1464 1454 1609 1485 dicimus.
1633 1456 1735 1484 Amor
1758 1460 1804 1484 est
1827 1454 1948 1494 passio,
1973 1454 2074 1484 immo
2098 1454 2200 1494 prima
2227 1454 2375 1484 omnium
2402 1453 2521 1495 passio-

1463 1507 1559 1528 num:
1585 1505 1615 1529 et
1637 1505 1742 1528 tamen
1766 1507 1857 1527 amor
1880 1504 1926 1528 est
1949 1497 2091 1538 operatio
2115 1504 2180 1527 tam
2204 1497 2236 1527 in
2260 1497 2401 1537 appetitu
2425 1497 2522 1528 sensi-

1464 1542 1530 1572 tivo
1559 1551 1656 1582 quam
1679 1541 1886 1572 intellectivo:
1911 1550 1985 1580 ergo
2009 1541 2166 1571 distinctio
2188 1540 2269 1571 inter
2291 1540 2472 1580 passionem
2492 1548 2523 1572 et

1465 1586 1682 1626 operationem
1705 1585 1863 1625 appetitus
1886 1585 1973 1615 nulla
1996 1591 2051 1615 est.
2075 1585 2182 1615 Minor
2207 1590 2310 1624 patet:
2335 1584 2411 1625 quia
2433 1594 2523 1615 amor

1463 1629 1599 1660 maxime
1623 1629 1776 1668 contingit
1799 1629 1974 1664 obiectum;
1998 1635 2044 1664 et,
2068 1628 2154 1668 apud
2177 1628 2309 1658 Scotum
2330 1627 2361 1664 *,
2387 1634 2434 1658 est
2454 1628 2523 1668 ipsa

1464 1673 1597 1704 essentia
1620 1672 1830 1703 beatitudinis.
1847 1690 1868 1695 -
1887 1673 2064 1708 Praeterea,
2089 1671 2253 1702 delectatio
2277 1678 2323 1702 est
2345 1671 2467 1711 passio:
2493 1678 2524 1703 et

1464 1718 1558 1748 habet
1580 1727 1638 1757 pro
1663 1717 1804 1753 obiecto,
1830 1723 1860 1747 et
1883 1726 1949 1746 non
1973 1716 2080 1746 solum
2106 1726 2165 1755 pro
2190 1710 2299 1752 c‘ausa,
2324 1715 2521 1746 delectabile:

1465 1771 1539 1800 ergo
1567 1760 1730 1791 delectatio
1760 1767 1806 1790 est
1833 1760 2028 1799 coniungens
2052 1759 2186 1790 obiecto.
2217 1759 2372 1790 Probatur
2402 1769 2522 1789 assum-

1465 1812 1567 1845 ptum.
1588 1804 1671 1841 Quia
1686 1804 1796 1834 videns
1812 1804 1927 1840 Deum,
1945 1803 2115 1834 delectatur
2131 1803 2169 1833 de
2184 1803 2254 1834 Deo
2270 1809 2422 1843 tanquam
2437 1803 2522 1833 obie-

1465 1855 1516 1878 cto
1539 1858 1668 1879 summo
1692 1847 1879 1878 delectabili:
1905 1854 1935 1878 et
1957 1847 2013 1888 qui
2035 1847 2130 1878 habet
2152 1846 2392 1877 delectationem
2414 1856 2522 1877 moro—

1465 1902 1543 1928 sam,
1561 1892 1731 1922 delectatur
1750 1892 1788 1921 de
1812 1901 1844 1922 re
1868 1891 2004 1931 cogitata
2025 1891 2111 1931 turpi
2129 1897 2166 1921 ut
2188 1890 2313 1921 obiecto
2337 1890 2522 1927 delectabili,

1465 1946 1500 1966 ac
1524 1935 1549 1965 si
1573 1942 1653 1965 esset
1674 1935 1707 1965 in
1731 1945 1773 1971 re,
1799 1941 1829 1965 et
1851 1945 1918 1965 non
1941 1935 2048 1965 solum
2070 1941 2106 1965 ut
2129 1944 2222 1965 causa
2244 1933 2407 1965 efficiente.

1520 1978 1624 2009 Dicito
1648 1988 1722 2018 ergo
1746 1979 1836 2019 quod
1859 1978 2020 2018 passiones
2046 1978 2079 2008 in
2103 1978 2244 2018 appetitu
2276 1977 2426 2008 sensitivo
2449 1983 2524 2008 sunt

1464 2032 1555 2052 verae
1578 2022 1787 2062 operationes,
1805 2028 1948 2052 causatae
1971 2027 2076 2052 tamen
2100 2022 2138 2052 ab
2162 2021 2333 2062 appetibili,
2355 2027 2385 2051 et
2406 2021 2524 2051 haben-

1465 2072 1514 2097 tes¹
1533 2076 1592 2106 pro
1616 2066 1740 2096 obiecto
1764 2065 1942 2106 appetibile.
1968 2065 2029 2096 Sed
2045 2064 2216 2095 differentia
2231 2064 2373 2095 consistit
2394 2064 2428 2094 in
2450 2064 2522 2101 hoc,

1465 2110 1553 2151 quod
1575 2109 1609 2139 in
1632 2109 1773 2150 appetitu
1798 2109 1947 2140 sensitivo
1971 2115 2044 2139 sunt
2067 2108 2266 2148 permixtae*
2285 2117 2359 2139 cum
2377 2107 2524 2148 passione

1465 2153 1637 2193 corporali:
1661 2153 1695 2183 in
1710 2153 1851 2193 appetitu
1867 2163 1941 2183 vero
1958 2153 2158 2189 intellectivo,
2178 2162 2254 2183 non.
2279 2152 2321 2182 Et
2343 2161 2399 2192 per
2421 2151 2524 2182 exclu-

1465 2197 1589 2227 sionem
1604 2197 1699 2227 huius
1717 2197 1968 2237 compositionis,
1986 2196 2133 2227 dicuntur
2148 2196 2182 2226 in
2197 2206 2236 2226 eo
2251 2195 2409 2236 simplices
2425 2201 2522 2234 actus,

1465 2241 1582 2271 similes
1606 2247 1711 2271 tamen
1742 2241 1941 2281 passionibus
1971 2240 2110 2270 sensitivi
2132 2239 2299 2280 appetitus.
2324 2240 2412 2270 Haec
2438 2249 2524 2270 nuuc

1466 2283 1621 2314 sufficiant
1643 2284 1676 2314 in
1701 2284 1878 2314 communi:
1903 2284 1936 2314 in
1959 2283 2085 2324 speciali
2104 2290 2211 2314 autem
2229 2282 2369 2319 inferius,
2394 2292 2468 2313 cum
2484 2282 2523 2312 de

1465 2327 1671 2358 delectatione
1695 2334 1725 2358 et
1747 2327 1870 2359 tristitia
1892 2327 2082 2364 tractabitur,
2108 2336 2211 2357 sermo
2236 2326 2293 2357 erit
2307 2326 2334 2357 *.

2549 811 2560 822 ⁴¹
2572 810 2650 832 Ethic.
2669 811 2709 832 lib.
2725 811 2760 837 X,

2548 842 2638 901 {²51}ssss
2641 843 2696 884 secl:
2702 843 2733 885 3:
2748 848 2759 854 ·

2574 888 2610 911 Cf.
2628 889 2700 916 rufi-a,
2719 895 2758 917 qu.

2548 921 2622 941 xxxrr,
2628 919 2688 942 art-1,
2692 915 2760 937 Com·

2548 945 2619 963 ment.

2548 1023 2631 1071 {1⁶3¹}
2645 1029 2682 1071 ’ἦί
2697 1029 2759 1071 ’ἲεὲιῖ

2548 1081 2622 1132 ιξ’(ὶὶ.
2639 1101 2692 1123 lect.
2706 1107 2760 1128 xvu

2549 1126 2762 1175 latitate-0¹15

2549 1185 2598 1206 xiv,
2608 1185 2631 1201 ιι.
2642 1179 2669 1206 6;
2680 1159 2759 1207 like,

2549 1211 2601 1232 cap.
2615 1211 2646 1227 xv.

2549 1636 2562 1648 ⁸
2573 1635 2609 1657 {v
2621 1635 2696 1663 Seue„
2705 1633 2759 1659 dui.

2548 1668 2611 1689 xux,
2626 1668 2666 1690 qu.
2675 1668 2706 1685 tv.

2550 2113 2620 2161 {dpelr
2633 2118 2661 2134 se
2673 2112 2762 2135 mixtae

2580 2154 2587 2161 .
2607 2144 2653 2167 5¹4-

2549 2310 2559 2319 ·
2579 2307 2615 2330 Cf.
2652 2314 2675 2330 u.
2693 2313 2760 2335 xxxi,

2549 2338 2616 2361 art.4,
2664 2337 2760 2356 mment.
