2846 4146
0 2356 10 2438 i
38 2416 40 2419 ,

0 2441 10 2515 l

0 2519 25 2601 2²·

0 3207 2 3210 ,
0 3168 1 3178 u
0 2987 14 3150 *wff..„,„„e
0 2948 2 2952 ,

119 1798 204 1943 -,.Ξὲ’

209 1846 268 1968 {22:32³

111 1951 143 1967 ‘2-
121 1882 195 1916 ἓ.
122 1842 132 1851 ·

195 1899 211 1922 ’Β

268 1898 295 1973 ,Μ
269 1846 292 1862 ε’

299 1846 333 1968 afa—3-

120 2046 133 2059 ο

123 2071 149 2095 S.

145 2151 204 2201 ἐξ
145 2031 204 2102 3²?

121 2152 151 2201 φο

93 2276 141 2294 Χ

123 2373 134 2382 ·
190 2377 220 2394 -v
234 2376 285 2401 n.3,
295 2377 335 2399 7.-

1034 238 1298 284 QUAESTIO
1330 240 1447 287 LVII,
1477 241 1770 278 ARTICULUS
1803 243 1852 278 IV

361 326 480 363 opera
506 325 576 362 per
604 325 742 360 corpus
772 314 953 362 exercita,
981 327 1078 364 quae
1107 324 1194 354 sunt
1231 318 1416 365 quodam-

360 366 480 404 modo
505 366 659 403 serviles
677 365 708 413 ²⁸,
729 366 952 414 inquantum
974 381 1112 417 corpus
1132 370 1313 406 serviliter
1331 371 1417 407 sub-

362 419 460 456 ditur
492 418 662 465 animae,
691 426 728 455 et
754 420 873 456 homo
912 422 1123 458 secundum
1158 423 1325 459 animam
1364 431 1418 460 est

360 472 463 508 liber.
486 471 573 508 Illae
600 483 695 508 vero
716 471 891 509 scientiae
918 486 1014 521 quae
1045 474 1092 511 ad
1118 475 1264 511 nullum
1290 475 1418 512 huius—

2452 244 2527 291 367

1471 318 1575 356 modi
1596 331 1693 368 opus
1712 320 1943 366 ordinantur,
1965 320 2177 368 simpliciter
2196 321 2371 362 scientiae
2393 321 2525 358 dicun-

1470 378 1540 419 tur,
1556 384 1634 408 non
1653 380 1781 408 autern
1797 380 1904 409 artes.
1918 373 2000 409 Nec
2015 380 2175 420 oportet,
2192 374 2221 410 si
2237 374 2407 410 liberales
2426 381 2522 410 artes

1471 432 1559 460 sunt
1586 424 1807 472 nobiliores,
1837 425 1941 474 quod
1970 425 2088 472 magis
2118 425 2170 461 eis
2199 426 2399 462 conveniat
2428 426 2519 462 ratio

1472 484 1570 513 artis.

1033 569 1363 603 Commentaria
1385 571 1634 604 Cardinalis
1655 572 1854 605 Caietam

390 657 411 677 N
427 646 558 677 articulo
573 645 676 682 tertio,
693 646 827 682 adverte,
843 646 969 683 novitie‚
985 648 1073 688 quod
1089 648 1175 679 iuxta
1194 649 1354 689 duplicem
1368 650 1423 680 bo-

363 658 531 726 luituram,
554 689 671 720 scilicet
694 690 855 730 propriam
874 691 995 722 habitui
1018 691 1090 722 artis
1113 699 1144 723 et
1165 692 1334 729 moralem,
1355 693 1420 723 duo

359 734 393 764 in
415 734 517 764 littera
532 733 689 765 dicuntur.
713 734 796 764 Nam
816 734 848 764 in
865 735 1070 776 responsione
1085 737 1125 766 ad
1139 736 1290 776 primum,
1308 737 1346 766 de
1362 737 1420 767 bo-

360 777 456 808 nitate
474 777 602 817 propria
625 777 697 808 artis
731 778 844 808 dicitur
866 780 955 819 quod
971 786 1034 810 arte
1054 780 1159 810 nullus
1179 781 1270 816 male,
1287 780 1367 811 idest
1381 781 1420 811 ad

360 821 482 851 malum
506 831 587 861 opus
611 821 730 852 malitia
753 822 901 862 opposita
924 823 1057 854 bonitati
1080 823 1162 860 artis,
1187 824 1294 855 utitur.
1320 825 1354 854 In
1374 834 1419 854 re-

1466 650 1646 690 sponsione
1655 661 1730 681 vero
1746 651 1786 681 ad
1802 652 1987 688 secundum,
1999 652 2037 682 de
2049 651 2187 682 bonitate
2201 650 2298 680 moris
2313 649 2425 680 dicitur
2437 650 2525 690 quod

1474 694 1514 723 ad
1537 694 1598 724 hoc
1621 695 1710 734 quod
1733 695 1832 725 homo
1848 696 1927 726 bene
1943 702 2049 726 utatur
2064 695 2143 731 artes
2154 693 2322 734 requiritur
2342 693 2440 723 virtus
2459 703 2527 723 mo-

1474 737 1561 767 ralis:
1586 738 1648 768 hoc
1671 738 1756 768 enim
1778 749 1844 769 non
1863 739 1995 779 exigitur
2017 739 2056 769 ad
2075 738 2254 769 faciendum
2269 747 2351 777 opus
2366 737 2438 767 artis
2457 747 2525 777 per-

1474 781 1602 817 fectum,
1627 783 1780 822 quoniam
1804 789 1908 822 potest
1923 782 2124 823 grammatica
2148 781 2370 822 perfectissima
2385 780 2528 820 blasphe-

1473 835 1558 855 mare
1574 826 1694 862 Deum;
1715 826 1769 856 sed
1786 827 1824 856 ad
1844 827 1922 857 bene
1940 827 2115 857 secundum
2131 835 2264 861 morem,
2281 824 2435 855 utendum
2451 831 2526 855 arte.

1135 985 1450 1027 ARTICULUS
1480 985 1749 1037 QUARTUS
1792 962 1794 964 ’

863 1085 1018 1116 UTRUM
1041 1085 1290 1116 PRUDENTIA
1313 1085 1379 1116 SIT
1403 1086 1559 1116 VIRTUS
1583 1056 1815 1116 DISTIUCTA
1838 1061 1892 1116 AI}
1916 1087 2031 1117 ARTE

795 1171 826 1195 ΙΙ·
847 1171 897 1201 11··‚
917 1179 962 1203 qu.
980 1179 1061 1202 xnvn,
1081 1177 1127 1196 art.
1146 1179 1171 1202 4,
1191 1172 1222 1196 ad
1243 1179 1270 1203 23
1290 1176 1336 1196 art.
1357 1170 1385 1202 53
1405 1171 1446 1196 De
1464 1172 1567 1200 Virtut„
1587 1179 1631 1204 qu.
1646 1179 1668 1202 1,
1687 1177 1733 1196 art.
1750 1179 1794 1202 125
1814 1172 1848 1196 VI
1868 1172 1961 1201 Ethic„
1982 1173 2039 1197 lect.
2058 1181 2091 1198 ιν.

399 1293 408 1302 s
428 1279 453 1293 s1
480 1300 483 1307 ,
510 1271 594 1306 κ’,ῡ
614 1271 786 1301 QUARTUM
806 1272 859 1296 stc
878 1272 1116 1298 PROCEDITUR.
1133 1262 1293 1298 Videtur
1312 1260 1417 1309 quod

429 1310 436 1317 '
490 1303 771 1373 {prudentia
808 1325 886 1349 non
922 1313 966 1349 sit
993 1313 1064 1349 alia
1091 1313 1210 1350 virtus
1248 1314 1295 1349 ab
1325 1321 1414 1349 arte.

378 1367 399 1411 ',
422 1380 497 1408 ἵκῃ
518 1371 543 1406 f,
570 1366 643 1399 Ars
664 1364 764 1400 enim
785 1372 841 1400 est
859 1365 952 1401 ratio
973 1373 1073 1401 recta
1093 1366 1307 1413 aliquorum
1328 1377 1417 1413 ope-

377 1419 379 1421 ’
416 1392 667 1451 ss'ffl‘rum.
699 1416 776 1452 Sed
805 1416 954 1453 diversa
983 1429 1121 1464 genera
1149 1429 1309 1466 operum
1338 1430 1416 1453 non

303 1464 306 1465 ⁷
359 1455 499 1504 faciunt
513 1476 554 1505 ut
569 1467 706 1515 aliquid
727 1468 871 1505 amittat
890 1469 1075 1505 rationem
1096 1469 1198 1506 artis:
1215 1478 1302 1506 sunt
1317 1469 1417 1505 enim

297 2079 319 2095 V.

290 2152 312 2174 9ο

293 2185 334 2201 vu.

121 2397 150 2421 s.
215 2386 268 2445 ''3⁰“
283 2403 314 2420 η.

124 2531 221 2585 'Attin
234 2535 273 2558 qu.

288 2536 335 2557 ινι,

361 1520 532 1558 diversae
565 1527 662 1557 artes
691 1521 787 1565 circa
821 1533 939 1570 opera
973 1522 1086 1559 valde
1121 1522 1280 1559 diversa.
1316 1522 1416 1558 Cum

360 1573 470 1621 igitur
502 1573 616 1610 etiam
648 1574 849 1622 prudentia
883 1574 929 1611 sit
963 1575 1152 1623 quaedam
1191 1575 1284 1612 ratio
1318 1582 1418 1611 recta

361 1638 523 1675 operum
538 1631 567 1673 ²,
582 1625 734 1663 videtur
753 1628 857 1675 quod
878 1627 990 1664 etiam
1006 1627 1088 1676 ipsa
1103 1628 1240 1665 debeat
1255 1627 1327 1664 dici
1341 1639 1413 1663 ars.

415 1690 451 1716 2.
471 1680 710 1726 PRAETEREA,
738 1680 940 1729 prudentia
970 1680 1090 1728 magis
1123 1681 1302 1718 convenit
1329 1692 1417 1716 cum

361 1738 440 1770 arte
476 1742 595 1780 quam,
628 1732 779 1770 habitus
815 1733 1054 1782 speculativi:
1081 1742 1287 1782 utrumque
1317 1733 1418 1770 enim

362 1796 497 1821 eorum
526 1792 582 1822 est
609 1785 710 1822 circa
738 1787 958 1836 contingens
992 1786 1100 1823 aliter
1126 1799 1166 1823 se
1192 1788 1349 1832 habere,
1379 1793 1419 1822 ut

283 1873 298 1888 v
327 1847 334 1867 ἰ
362 1836 496 1875 dicitur
521 1837 560 1874 in
578 1838 776 1877 VLEthic.
797 1838 817 1860 ’¹‘
837 1839 915 1876 Sed
934 1839 1089 1888 quidam
1109 1840 1258 1877 habitus
1286 1851 1419 1888 specu-

325 1900 333 1932 ῑ
361 1889 465 1929 lativi
493 1890 668 1928 dicuntur
696 1899 805 1928 artes.
826 1893 929 1940 Ergo
957 1893 1077 1929 multo
1106 1893 1226 1941 magis
1253 1893 1418 1941 pruden-

327 1961 335 1968 ·
361 1942 412 1981 tia
441 1943 554 1980 debe't
581 1943 654 1981 dici
682 1956 754 1982 ars.

362 2027 368 2030 .
418 1996 453 2033 3.
468 1993 709 2044 -PRAETEREA,
727 1998 779 2034 ad
789 1998 1030 2045 prudentiam
1043 1999 1207 2047 pertinet
1223 1999 1315 2035 bene
1333 2009 1419 2034 con-

217 2052 278 2096 ¹202·
322 2058 333 2063 ·
361 2047 492 2095 siliari,
512 2056 555 2086 ut
572 2049 708 2087 dicitur
734 2050 774 2088 in
791 2050 844 2087 VI
862 2051 981 2088 Ethic.
1002 2050 1022 2072 ²¹⁶
1042 2052 1119 2088 Sed
1139 2052 1252 2088 etiam
1281 2051 1319 2087 in
1338 2050 1419 2098 qui-

255 2157 270 2174 ss

362 2101 527 2144 busdam
555 2103 696 2140 artibus
724 2103 910 2140 consiliari
939 2103 1127 2152 contingit,
1152 2112 1194 2141 ut
1222 2103 1356 2141 dicitur
1382 2103 1420 2140 in

324 2164 335 2169 ·
363 2155 413 2197 111
432 2155 552 2192 Ethic.
572 2155 607 2192 *τ
629 2155 725 2192 sicut
741 2156 781 2194 in
801 2164 878 2194 arte
897 2156 1058 2204 militari,
1076 2165 1111 2194 et
1126 2155 1142 2187 β
1160 2156 1419 2205 gubernativa‚

363 2214 401 2244 et
426 2208 653 2250 medicinali.
674 2209 777 2257 Ergo
796 2210 997 2258 prudentia
1015 2211 1062 2246 ab
1092 2217 1169 2247 arte
1189 2222 1268 2247 non
1293 2209 1421 2246 distin-

362 2267 496 2306 guntur.

366 2334 395 2356 3-
417 2313 492 2351 SED
520 2325 667 2351 CONTRA
703 2326 770 2352 nst·
797 2314 901 2364 quod
938 2315 1194 2363 Philosophus
1233 2314 1423 2362 distinguit

361 2365 602 2414 prudentiam
630 2368 678 2404 ab
707 2375 798 2415 arte,
825 2367 865 2404 in
891 2368 943 2404 VI
970 2368 1091 2405 Ethic.
1111 2367 1131 2389 *

415 2419 642 2457 Ri-:sponnso
655 2431 840 2458 DICENDUM
860 2421 964 2469 quod
983 2421 1049 2458 ubi
1063 2421 1253 2458 invenitur
1273 2419 1422 2457 diversa

363 2470 458 2513 ratio
476 2471 635 2520 virtutis,
651 2473 703 2509 ibi
723 2481 873 2522 oportet
887 2473 1045 2510 virtutes
1066 2473 1252 2521 distingui.
1269 2473 1422 2510 Dictum

363 2531 420 2567 est
452 2532 596 2566 autem,
618 2538 733 2574 supra
759 2525 780 2547 ²⁸
815 2526 921 2574 quod
957 2527 1092 2574 aliquis
1122 2526 1273 2563 habitus
1309 2526 1425 2562 habet·

364 2576 550 2614 rationem
572 2578 720 2615 virtutis
739 2590 785 2615 ex
811 2579 886 2615 hoc
909 2580 1035 2616 solum
1063 2579 1169 2628 quod
1196 2578 1283 2615 facit
1309 2578 1423 2614 facul-

363 2636 480 2666 tatem
517 2630 608 2667 boni
642 2630 784 2679 operis:
813 2631 946 2679 aliquis
978 2638 1107 2668 autem
1136 2643 1181 2667 ex
1207 2632 1283 2667 hoc
1317 2630 1422 2678 quod

365 2681 452 2719 facit
470 2694 549 2720 non
572 2684 698 2720 solum
718 2683 932 2720 facultatem
953 2684 1044 2721 boni
1063 2683 1200 2732 operis,
1221 2683 1290 2720 sed
1309 2682 1422 2719 etiarn

364 2746 490 2772 usum.
519 2738 593 2772 Ars
630 2742 758 2773 autem
794 2736 880 2773 facit
919 2737 1044 2773 solum
1079 2737 1294 2774 facultatem
1332 2735 1423 2772 boni

367 2788 514 2837 operis:
543 2788 632 2837 quia
668 2801 746 2826 non
780 2789 929 2837 respicit
966 2789 1188 2838 appetitum.
1218 2788 1423 2826 Prudentia

366 2849 494 2878 autem
528 2854 608 2878 non
636 2842 761 2878 solum
795 2841 883 2879 facit
909 2842 1002 2879 boni
1035 2842 1159 2891 operis
1187 2842 1422 2888 facultatem,

367 2895 435 2931 sed
473 2893 587 2932 etiam
621 2907 756 2932 usum:
786 2894 936 2943 respicit
964 2894 1065 2932 enim
1095 2895 1315 2944 appetitum,
1343 2902 1423 2931 tan-

368 2958 484 2995 quam
511 2959 827 2996 praesupponens
855 2947 1117 2985 rectitudinem
1145 2947 1344 2996 appetitus.

421 2999 540 3038 Cuius
569 3000 803 3041 differentiae
831 2999 924 3037 ratio
946 3007 1017 3047 est,
1048 3000 1136 3048 quia
1169 3012 1229 3037 ars
1249 3008 1304 3037 est
1323 3005 1424 3037 recta

369 3052 469 3091 ratio·
480 3054 714 3102 factibilium
733 3053 771 3099 *;
795 3053 997 3101 prudentia
1016 3065 1109 3090 vero
1135 3060 1189 3090 est
1208 3058 1308 3090 recta
1327 3053 1424 3090 ratio

368 3105 577 3155 agibilium.
598 3106 735 3144 Differt
762 3111 890 3143 autem
918 3106 1042 3143 facere
1071 3113 1107 3142 et
1125 3117 1236 3153 agere
1265 3105 1364 3154 quia,
1385 3113 1426 3142 ut

324 3167 341 3182 ¹-
370 3158 504 3196 dicitur
521 3159 569 3197 ’in
597 3160 650 3197 IX
677 3159 894 3207 Metaphys.
913 3158 944 3205 ²⁸,
969 3158 1080 3195 factio
1109 3166 1166 3195 est
1193 3165 1299 3206 actus
1326 3165 1424 3195 tran-

351 3211 469 3258 rsiens
504 3212 544 3249 in
576 3212 802 3250 exteriorem
838 3211 1052 3258 materiam,
1081 3211 1177 3248 sicut
1203 3210 1424 3258 aedificare,

369 3277 510 3312 secare,
531 3272 570 3302 et
593 3264 835 3310 huiusmodi;
856 3276 966 3312 agere
986 3271 1115 3301 autem
1136 3271 1191 3301 est
1218 3271 1324 3300 actus
1341 3276 1426 3312 per-

369 3329 529 3357 manens
557 3318 597 3355 in
615 3318 700 3367 ipso
729 3325 876 3366 agente,
896 3317 991 3354 sicut
1009 3316 1151 3363 videre,
1172 3317 1281 3364 velle,
1303 3324 1339 3353 et
1356 3317 1423 3353 hu-

1472 1259 1520 1295 ad
1548 1259 1767 1296 huiusmodi
1794 1267 1898 1296 actus
1926 1262 2132 1309 humanos,
2154 1263 2218 1310 qui
2239 1271 2325 1300 sunt
2349 1276 2439 1300 usus
2457 1277 2526 1313 po-

1472 1311 1672 1348 tentiarum
1694 1319 1729 1348 et
1754 1313 1963 1360 habituum,
1985 1314 2078 1350 sicut
2098 1327 2137 1351 se
2166 1316 2279 1352 habet
2299 1328 2358 1352 ars
2386 1317 2434 1353 ad
2463 1329 2526 1353 ex-

1472 1364 1627 1400 teriores
1647 1365 1848 1401 factiones:
1869 1366 1957 1413 quia
1977 1375 2134 1415 utraque
2155 1375 2209 1404 est
2235 1369 2402 1416 perfecta
2431 1370 2525 1406 ratio

1473 1424 1647 1463 respectu
1665 1416 1813 1453 illorum
1843 1419 1890 1455 ad
1910 1431 2006 1467 quae
2028 1428 2268 1468 comparatur
2291 1426 2317 1457 Υ.
2339 1422 2523 1458 Perfectio

1473 1475 1600 1504 autem
1622 1476 1657 1504 et
1676 1469 1858 1506 rectitudo
1880 1471 2031 1507 rationis
2055 1472 2092 1508 in
2113 1474 2363 1520 speculativis,
2385 1475 2526 1522 depen-

1474 1520 1536 1556 det
1556 1532 1602 1570 ex
1629 1521 1831 1569 prinCIpiis,
1853 1534 1898 1558 ex
1917 1524 2054 1571 quibus
2083 1526 2175 1561 ratio
2196 1527 2405 1573 syllogizat:
2432 1527 2527 1563 sicut

1474 1572 1616 1609 dictum
1645 1581 1700 1609 est
1727 1573 1747 1595 '¹‘
1775 1575 1878 1622 quod
1916 1576 2067 1612 scientia
2095 1578 2285 1625 dependet
2312 1580 2359 1615 ab
2387 1579 2527 1616 intelle·
2552 1579 2561 1589 '

1474 1633 1547 1672 ctu,
1569 1625 1633 1673 qui
1663 1633 1717 1662 est
1744 1627 1894 1663 habitus
1922 1629 2200 1676 principiorum,
2231 1638 2266 1666 et
2294 1643 2526 1680 praesuppo-

1474 1678 1527 1714 nit
1554 1678 1691 1726 ipsum.
1717 1679 1759 1714 In
1786 1680 1963 1717 humanis
1992 1689 2118 1717 autem
2148 1682 2291 1719 actibus
2319 1696 2359 1720 se
2386 1684 2528 1720 habent

1473 1731 1569 1767 fines
1598 1731 1693 1767 sicut
1720 1732 1901 1780 principia
1929 1733 1965 1769 in
1994 1734 2244 1782 speculativis,
2264 1743 2306 1772 ut
2334 1735 2467 1772 dicitur
2489 1736 2528 1772 in

1473 1784 1542 1820 VII
1569 1784 1689 1820 Ethic.
1710 1783 1730 1804 '¹‘
1749 1785 1798 1821 Et
1816 1785 1903 1822 ideo
1931 1786 1980 1822 ad
1999 1787 2248 1835 prudentiam,
2269 1800 2368 1835 quae
2397 1796 2452 1826 est
2471 1801 2527 1826 re-

1474 1844 1532 1872 cta
1553 1836 1645 1873 ratio
1669 1836 1873 1885 agibilium,
1890 1839 2089 1887 requiritur
2108 1841 2213 1889 quod
2227 1842 2346 1878 homo
2365 1841 2412 1878 sit
2430 1842 2527 1878 bene

1475 1889 1677 1937 dispositus
1706 1890 1804 1927 circa
1831 1892 1948 1928 fines:
1978 1893 2082 1940 quod
2111 1893 2265 1942 quidem
2286 1902 2342 1931 est
2367 1907 2437 1942 per
2464 1907 2528 1943 ap-

1473 1942 1633 1991 petitum
1660 1950 1817 1980 rectum.
1843 1944 1892 1980 Et
1919 1944 2005 1981 ideo
2034 1945 2083 1981 ad
2106 1946 2346 1994 prudentiam
2375 1947 2528 1995 requiri—

1474 2003 1533 2031 tur
1562 1995 1715 2032 moralis
1734 1996 1863 2044 virtus,
1883 2009 1953 2045 per
1981 2010 2096 2046 quam
2120 1999 2163 2035 fit
2186 1999 2372 2047 appetitus
2391 2007 2526 2036 rectus.

1475 2049 1628 2084 Bonum
1657 2057 1784 2085 autem
1819 2049 2067 2087 artificialium
2101 2064 2178 2088 non
2207 2059 2262 2088 est
2290 2053 2434 2089 bonum
2463 2065 2527 2101 ap-

1475 2101 1613 2149 petitus
1639 2102 1808 2149 humani,
1829 2103 1895 2139 sed
1924 2104 2070 2140 bonum
2094 2104 2263 2152 ipsorum
2293 2117 2452 2154 operum
2472 2117 2529 2142 ar-

1475 2153 1704 2191 tificialium:
1736 2162 1772 2191 et
1798 2156 1884 2192 ideo
1914 2168 1974 2192 ars
2002 2169 2080 2193 non
2116 2158 2388 2206 praesupponit
2415 2170 2530 2206 appe-

1476 2206 1585 2243 titum
1614 2214 1770 2244 rectum.
1800 2209 1849 2245 Et
1875 2209 1963 2245 inde
1992 2217 2047 2246 est
2079 2210 2183 2258 quod
2211 2210 2329 2258 magis
2357 2212 2530 2247 laudatur

1478 2259 1607 2295 artifex
1635 2260 1699 2308 qui
1725 2261 1860 2298 volens
1887 2269 2039 2309 peccat,
2069 2274 2184 2311 quam
2213 2263 2277 2311 qui
2304 2271 2434 2311 peccat
2463 2275 2530 2299 no-

1477 2312 1578 2358 Iens3
1607 2312 1727 2360 magis
1755 2321 1884 2350 autem
1917 2322 2047 2350 contra
2074 2315 2315 2363 prudentiam
2345 2323 2399 2352 est
2426 2316 2530 2363 quod

1478 2365 1611 2413 aliquis
1625 2373 1757 2413 peccet
1775 2367 1921 2413 volens,
1938 2379 2054 2415 quam
2074 2368 2224 2404 nolens:
2246 2368 2333 2417 quia
2348 2369 2531 2405 rectitudo

1477 2418 1682 2454 voluntatis
1711 2426 1766 2455 est
1794 2420 1840 2456 de
1870 2419 2014 2456 ratione
2041 2420 2273 2468 prudentiae,
2298 2433 2376 2458 non
2404 2428 2532 2457 autern

1479 2471 1526 2507 de
1554 2471 1699 2508 ratione
1723 2472 1821 2509 artis.
1842 2493 1866 2500 -
1887 2473 1950 2509 Sic
1977 2472 2087 2520 igitur
2109 2481 2212 2521 patet
2239 2474 2343 2521 quod
2370 2474 2533 2522 pruden-

1478 2523 1528 2559 tia
1557 2531 1612 2559 est
1638 2524 1757 2561 virtus
1785 2525 1956 2561 distincta
1984 2527 2033 2562 ab
2061 2533 2151 2569 arte.

1530 2578 1589 2612 Ao
1617 2589 1754 2613 PRiMUM
1773 2589 1871 2614 ERGO
1890 2589 2073 2615 DICENDUM
2102 2578 2208 2625 quod
2227 2578 2375 2614 diversa
2394 2590 2532 2625 genera

1477 2629 1726 2666 artificialium
1756 2630 1885 2666 omnia
1904 2638 1991 2667 sunt
2014 2638 2116 2667 extra
2143 2630 2359 2667 hominem:
2380 2638 2418 2666 et
2444 2631 2530 2667 ideo

1477 2694 1556 2718 non
1575 2682 1850 2719 diversificatur
1873 2683 1964 2719 ratio
1983 2683 2142 2720 virtutis.
2164 2683 2240 2720 Sed
2259 2683 2459 2731 prudentia
2478 2691 2534 2720 est

1478 2742 1580 2771 recta
1608 2735 1701 2772 ratio
1730 2735 1902 2784 ipsorum
1939 2743 2091 2772 actuum
2120 2736 2400 2772 humanorum:
2430 2736 2532 2772 unde

1478 2787 1751 2825 diversificatur
1778 2788 1871 2825 ratio
1900 2788 2056 2835 virtutis,
2077 2796 2119 2825 ut
2147 2789 2288 2825 dictum
2318 2796 2372 2825 est
2399 2788 2429 2825 ²³⁵.

1514 2843 1588 2879 ¹AD
1617 2853 1806 2878 SECUNDUM
1834 2853 2017 2878 mcENDUM
2046 2841 2150 2890 quod
2186 2841 2386 2889 prudentia
2413 2840 2533 2888 magis

1478 2894 1658 2931 convenit
1685 2906 1772 2930 cum
1810 2901 1888 2931 arte
1916 2907 2032 2942 quam
2060 2894 2210 2930 habitus
2244 2893 2464 2943 speculativi
2496 2891 2530 2940 δ,

1478 2954 1661 2996 quantum
1690 2947 1739 2983 ad
1766 2947 1978 2984 subiectum
2012 2954 2048 2983 et
2084 2946 2300 2983 materiam:
2329 2954 2533 2994 utrumque

1479 2999 1581 3036 enim
1602 3007 1656 3036 est
1683 3001 1722 3036 in
1741 2999 1935 3048 opinativa
1961 3007 2067 3048 parte
2086 2999 2248 3047 animae,
2270 3007 2306 3036 et
2326 2999 2423 3036 circa
2444 3010 2534 3035 con-
2564 3030 2566 3033 Α

1478 3052 1750 3099 tingens-aliter
1775 3064 1814 3089 se
1843 3052 1995 3089 habere.
2017 3052 2094 3089 Sed
2122 3064 2183 3089 ars
2211 3052 2331 3100 magis
2357 3050 2535 3089 convenit

1480 3117 1568 3142 cum
1605 3104 1795 3141 habitibus
1832 3105 2071 3154 speculativis
2107 3105 2146 3141 in
2187 3105 2330 3142 ratione
2366 3104 2532 3150 virtutis,

1480 3170 1598 3205 quam
1619 3169 1705 3194 cum
1725 3157 1936 3206 prudentia,
1956 3165 1998 3194 ut
2017 3169 2061 3194 ex
2081 3157 2187 3194 dictis
2205 3157 2225 3179 ‘¹‘
2243 3165 2356 3206 patet.

1532 3212 1592 3247 AD
1619 3222 1779 3247 TERTIUM
1798 3222 1982 3247 DmENDUM
2010 3210 2114 3260 quod
2133 3210 2333 3259 prudentia
2362 3216 2416 3246 est
2435 3210 2533 3246 bene

1481 3263 1715 3300 consiliativa
1748 3263 1795 3300 de
1823 3263 1881 3300 his
1910 3275 2006 3312 quae
2033 3263 2221 3312 pertinent
2256 3263 2305 3300 ad
2332 3270 2451 3299 totam
2479 3261 2536 3298 vi-

1481 3324 1559 3353 tam
1587 3315 1765 3363 hominis,
1787 3323 1823 3352 et
1849 3315 1899 3352 ad
1926 3316 2102 3353 ultimum
2127 3316 2244 3353 finem
2273 3315 2372 3352 vitae
2401 3315 2535 3351 huma-

369 3370 545 3409 iusmodi.
567 3371 630 3408 Sic
648 3371 758 3419 igitur
781 3371 855 3409 hoc
875 3370 994 3408 modo
1022 3381 1062 3406 se
1086 3370 1200 3407 habet
1227 3369 1427 3418 prudentia
1451 3367 1456 3419 1
1481 3381 1564 3405 nae.
1591 3368 1669 3405 Sed
1688 3369 1726 3405 in
1745 3368 1886 3406 artibus
1905 3369 2092 3417 aliquibus
2112 3375 2167 3405 est
2191 3367 2390 3404 consilium
2411 3367 2458 3404 de
2477 3367 2536 3403 his

423 3484 451 3519 α)
471 3492 588 3517 operum.
602 3498 620 3503 —
639 3484 726 3516 operis
746 3485 796 3508 EF.

423 3519 449 3554 β)
467 3523 501 3546 et.
515 3534 533 3539 —
551 3524 577 3545 et
595 3520 675 3544 etiam
695 3520 721 3544 in
742 3520 791 3544 EF.

1534 3482 1569 3541 γ)Ι
1581 3482 1643 3514 quia
1652 3500 1658 3507 .
1668 3500 1675 3507 .
1687 3499 1693 3507 .
1707 3486 1887 3514 comparatur.
1900 3496 1919 3501 -
1932 3482 1992 3506 Om.
2007 3481 2272 3513 ABCDEFGIKLpH.
2286 3495 2305 3500 -
2319 3481 2397 3505 Iidem
2411 3480 2494 3505 omitt.
2510 3480 2535 3504 in

1482 3525 1558 3550 specu
1570 3517 1657 3542 ativis.

1536 3551 1561 3586 δ)
1582 3553 1685 3577 habitus
1704 3553 1866 3584 speculatiiei.
1884 3566 1903 3572 -
1920 3560 1978 3577 cum
1998 3551 2129 3576 habitibus
2147 3551 2314 3583 speculativis
2334 3551 2361 3575 Ρ.
