2852 4152
119 3010 132 3022 “
144 3010 212 3033 νει-ι.
227 3016 260 3032 ιο.

963 296 1227 342 QUAESTIO
1258 297 1342 343 XL,
1371 296 1666 333 ARTICULUS
1694 296 1779 343 VII,
1809 296 1895 332 VIII

2445 305 2515 340 271

1127 441 1442 483 ARTICULUS
1471 440 1736 484 SEPTIMUS

1017 534 1190 565 UTRUM
1219 533 1328 563 spsss
1357 533 1432 563 SIT
1461 532 1619 563 CAUSA
1647 532 1829 563 AMORIS

583 612 674 644 Supra,
694 619 739 644 qu.
756 619 831 642 nvn,
851 617 897 636 art.
916 620 941 644 4,
960 613 992 637 ad
1013 612 1042 643 33

462 720 472 737 ι
484 724 536 762 fx(
559 712 582 737 D
601 711 780 737 εεΡτιΜυΜ
796 712 849 737 src
864 712 1102 738 paocanmm.
1123 701 1281 738 Videtur
1299 701 1405 749 quod

376 746 535 816 §.³25⁴
559 765 646 801 spes
665 765 744 790 non
764 753 809 789 sit
833 766 946 790 causa
965 754 1118 791 amoris.
1146 754 1247 801 Quia
1272 765 1405 790 secun-

450 824 485 850 r,
507 804 654 846 (dum
682 806 955 853 Augustinum,
982 807 1070 844 XIV
1093 807 1139 843 de
1171 807 1251 844 (Σίν.
1271 805 1388 843 Dei*

369 853 379 862 ”
406 851 683 907 (”’ἛἋρι·ἰωει
719 859 969 896 affectionum
1006 859 1158 896 animae
1196 866 1252 896 est
1283 871 1403 896 amor.

350 876 427 948 Sed
442 923 528 959 spes
544 919 599 948 est
613 912 804 958 quaedam
824 912 974 950 affectio
994 912 1155 949 animae.
1175 913 1298 948 Amor
1317 923 1406 959 ergo

347 963 538 1013 praecedit
566 977 686 1013 spem.
717 965 809 1001 Non
837 977 926 1013 ergo
955 977 1041 1013 spes
1069 971 1198 1002 causat
1219 976 1405 1001 amorem.

403 1029 438 1054 2.
459 1018 692 1064 PRAETEREA,
717 1017 948 1055 desiderium
966 1017 1160 1066 praecedit
1178 1029 1300 1066 spem.
1330 1017 1407 1054 Sed

253 1078 292 1120 ιζ
315 1087 322 1120 3
350 1069 581 1107 desiderium
610 1077 783 1107 causatur
811 1083 856 1107 ex
883 1083 1032 1117 amore,
1060 1077 1102 1106 ut
1130 1070 1273 1107 dictum
1302 1077 1358 1106 est
1375 1069 1406 1106 ²¹⁸.

350 1124 452 1171 Ergo
489 1123 602 1160 etiam
638 1135 724 1171 spes
762 1123 929 1172 sequitur
964 1135 1150 1160 amorem.
1189 1123 1281 1159 Non
1318 1123 1407 1170 ergo

350 1183 480 1213 causat
506 1176 644 1224 ipsum.

406 1230 440 1267 3.
475 1230 713 1276 PRAETEREA,
748 1241 834 1278 spes
869 1236 997 1266 causat
1030 1228 1339 1276 delectationem,
1366 1235 1409 1265 ut

318 1303 324 1310 ·
351 1294 465 1331 supra
483 1282 504 1304 *
532 1282 674 1319 dictum
704 1289 770 1318 est.
805 1282 882 1318 Sed
910 1281 1106 1330 delectatio
1140 1293 1219 1318 non
1255 1288 1310 1317 est
1337 1281 1408 1318 nisi

351 1335 399 1373 de
427 1335 531 1372 bono
552 1340 570 1356 ‘²
591 1342 737 1380 amato.
767 1335 868 1381 Ergo
898 1346 1008 1370 amor
1035 1333 1227 1381 praecedit
1253 1345 1374 1382 spem.

404 1388 478 1424 SED
498 1398 644 1437 comm
658 1398 723 1423 EST
738 1387 843 1435 quod
858 1385 1055 1432 Matth.1*‚
1072 1398 1187 1434 super
1204 1385 1305 1431 illud,
1324 1401 1343 1419 «
1357 1388 1407 1422 Α-

350 1440 511 1477 braham
529 1438 659 1486 genuit
677 1439 793 1484 Isaac,
822 1439 927 1474 Isaac
945 1445 1073 1474 autem
1093 1438 1222 1485 genuit
1244 1438 1358 1474 Iacob
1372 1454 1406 1485 »,

350 1492 439 1529 dicit
454 1492 590 1528 Glossa
603 1490 640 1527 *z
661 1491 762 1536 idest,
771 1490 873 1538 fides
885 1502 1002 1538 spem,
1016 1501 1099 1538 spes
1113 1491 1318 1527 caritatem.
1337 1491 1409 1526 Ca-

348 1544 438 1582 ritas
466 1550 595 1581 autem
620 1550 675 1580 est
694 1555 816 1580 amor.
836 1543 939 1590 Ergo
963 1554 1074 1579 amor
1092 1550 1267 1579 causatur
1285 1554 1308 1578 a
1327 1554 1407 1591 spe.

402 1598 628 1635 Responnno
655 1607 839 1633 menunuu
867 1595 972 1643 quod
1000 1607 1087 1644 spes
1115 1596 1193 1632 duo
1221 1595 1409 1643 respicere

349 1656 487 1699 potest.
515 1649 683 1697 Respicit
701 1649 802 1686 enim
820 1649 917 1686 sicut
931 1648 1136 1696 obiectum,
1157 1649 1303 1685 bonum
1323 1659 1411 1697 spe-

403 1771 432 1807 α)
451 1773 519 1798 bono
537 1775 636 1797 amato.
653 1786 672 1792 -
689 1775 780 1797 amato
800 1771 829 1796 P.

1061 612 1134 642 infra,
1153 620 1198 645 qu.
1216 619 1275 642 mr,
1294 617 1341 637 art.
1359 619 1385 643 4,
1405 612 1437 636 ad
1458 611 1471 636 3
1478 619 1486 643 ;
1506 611 1538 635 11⁴
1557 611 1608 641 11··‚
1628 618 1672 644 qu.
1690 619 1752 642 xvir,
1771 616 1816 636 an.
1836 610 1865 642 8;
1886 611 1927 635 De
1950 611 2055 639 Virtut„
2067 598 2119 643 qu.
2139 617 2172 639 rv,
2192 615 2239 634 art.
2260 610 2283 634 3.

1458 707 1593 736 ratum.
1624 699 1702 736 Sed
1733 699 1822 748 quia
1855 699 2002 735 bonum
2039 706 2232 747 speratum
2269 706 2324 735 est
2356 699 2518 736 arduum

1457 752 1657 801 possibile;
1687 751 1892 800 aliquando
1926 759 2054 789 autem
2088 752 2131 789 fit
2167 751 2321 800 aliquod
2354 752 2517 788 arduum

1458 805 1638 854 possibile
1665 804 1788 852 nobis,
1818 817 1897 841 non
1923 817 1992 853 per
2019 817 2101 852 nos,
2122 805 2190 842 sed
2207 817 2277 853 per
2295 804 2406 850 alios;
2431 805 2517 842 ideo

1460 870 1547 906 spes
1576 857 1688 894 etiam
1715 856 1866 906 respicit
1892 857 1982 894 illud
2009 869 2079 906 per
2107 858 2212 907 quod
2239 858 2282 894 fit
2314 858 2425 894 nobis
2453 857 2517 894 ali-

1460 910 1552 958 quid
1570 909 1761 958 possibile.

1514 964 1744 1012 Inquantum
1763 962 1883 1010 -igitur
1909 975 1996 1011 spes
2030 963 2181 1012 respicit
2208 963 2356 999 bonurn
2388 974 2516 1011 spera-

1459 1023 1554 1063 tum,
1575 1028 1662 1064 spes
1691 1028 1736 1053 ex
1755 1027 1887 1052 amore
1908 1023 2099 1053 causatur:
2127 1028 2207 1052 non
2236 1015 2336 1052 enim
2359 1023 2414 1052 est
2431 1028 2518 1064 spes

1461 1068 1531 1106 nisi
1560 1069 1607 1106 de
1635 1069 1739 1105 bono
1770 1068 1981 1105 desiderato
2002 1076 2039 1105 et
2066 1076 2206 1105 amato.
2235 1090 2259 1096 -
2290 1070 2518 1116 Inquantum

1459 1133 1554 1159 vero
1573 1133 1662 1171 spes
1681 1121 1831 1170 respicit
1845 1121 1948 1158 illum
1968 1134 2037 1170 per
2052 1134 2168 1170 quem
2186 1122 2230 1158 fit
2248 1121 2388 1170 aliquid
2407 1121 2518 1158 nobis

1459 1174 1652 1223 possibile,
1672 1174 1725 1211 sie
1744 1186 1853 1211 amor
1871 1182 2048 1211 causatur
2065 1186 2109 1211 ex
2129 1187 2207 1223 spe,
2229 1182 2265 1210 et
2289 1186 2367 1211 non
2389 1187 2409 1210 e
2430 1186 2518 1210 con-

1460 1240 1586 1265 verso.
1607 1228 1664 1264 Ex
1693 1228 1767 1264 hoc
1787 1227 1888 1264 enim
1916 1228 2021 1275 quod
2039 1239 2108 1276 per
2129 1227 2293 1275 aliquem
2323 1238 2519 1275 speramus

1461 1281 1572 1318 nobis
1591 1292 1704 1329 posse
1727 1280 1931 1329 provenire
1959 1280 2073 1326 bona,
2095 1292 2300 1317 movemur
2326 1279 2364 1316 in
2392 1279 2518 1328 ipsum

1462 1333 1557 1370 sicut
1583 1333 1621 1370 in
1649 1333 1796 1369 bonurn
1822 1341 2012 1370 nostrum:
2034 1341 2071 1369 et
2088 1333 2142 1369 sic
2169 1332 2369 1381 incipimus
2392 1332 2519 1380 ipsum

1462 1397 1603 1422 amare.
1625 1386 1683 1422 Ex
1696 1387 1772 1422 hoc
1786 1393 1913 1422 autem
1929 1386 2034 1434 quod
2053 1397 2229 1422 amamus
2248 1385 2426 1434 aliquem,
2441 1397 2521 1422 non

1462 1450 1660 1486 speramus
1694 1438 1741 1474 de
1771 1451 1838 1485 eo,
1868 1438 1937 1475 nisi
1969 1450 2038 1486 per
2074 1438 2267 1486 accidens,
2295 1437 2520 1487 inquantum

1462 1490 1602 1526 scilicet
1638 1490 1827 1527 credimus
1865 1503 1935 1527 nos
1972 1491 2159 1527 redamari
2196 1492 2244 1528 ab
2281 1490 2377 1539 ipso.
2405 1490 2519 1527 Unde

1463 1542 1581 1580 amari
1596 1543 1644 1579 ab
1664 1543 1792 1591 aliquo
1811 1543 1986 1579 facitnos
2006 1555 2156 1591 sperare
2172 1544 2219 1580 de
2240 1555 2306 1579 eo:
2326 1543 2392 1580 sed
2412 1554 2522 1579 arnor

1463 1595 1544 1632 eius
1563 1603 1739 1632 causatur
1767 1607 1811 1631 ex
1835 1607 1902 1643 spe
1921 1608 2037 1644 quam
2059 1596 2107 1632 de
2126 1607 2173 1631 eo
2200 1597 2399 1632 habemus.

1515 1649 1564 1684 Et
1591 1660 1660 1695 per
1687 1649 1782 1684 haec
1809 1654 1911 1696 patet
1939 1648 2136 1696 responsio
2165 1648 2213 1684 ad
2243 1648 2401 1685 obiecta.

1126 1916 1443 1957 ARTICULUS
1472 1915 1744 1957 OCTAVUS

704 2009 860 2040 UTRUM
883 2008 981 2039 SPEs
1005 2008 1238 2039 CONFERAT
1261 2008 1320 2038 AD
1345 2007 1672 2043 OPERAT10NEM‚
1697 2007 1781 2038 VEL
1805 2007 1935 2038 MAG1s
1959 2008 2164 2039 lMPEDIAT

468 2126 478 2141 0
499 2130 541 2158 ‘xz‘
565 2118 588 2143 o
607 2117 780 2143 οετΑνυΜ
797 2117 850 2143 sic
869 2117 1108 2142 PROCEDlTUR.
1127 2104 1287 2142 Videtur
1305 2104 1411 2152 quod

393 2155 427 2214 “sj'
484 2151 538 2220 (ἒῇ
564 2171 651 2218 spes
669 2171 750 2196 non
768 2158 923 2196 adiuvet
949 2157 1226 2207 operationem,
1245 2157 1313 2194 sed
1331 2169 1412 2194 ma-

372 2217 383 2256 “,
413 2199 529 2258 ’ρι’
514 2211 620 2260 r'gis
646 2210 840 2260 impediat.
874 2210 935 2248 Ad
963 2223 1072 2270 spem
1101 2210 1202 2257 enim
1231 2209 1411 2247 securitas

378 2260 387 2266 ’”
411 2258 530 2306 Ψῖϊῖ)
530 2263 737 2313 Ἃρετῐίῃεϊ.
776 2262 853 2301 Sed
885 2264 1064 2301 securitas
1095 2263 1192 2313 parit
1223 2256 1412 2311 negligen-

353 2317 457 2364 tiam,
485 2329 584 2365 quae
611 2316 770 2365 impedit
798 2316 1071 2365 operationem.
1101 2317 1203 2363 Ergo
1233 2329 1321 2366 spes
1342 2316 1412 2352 im-

353 2369 458 2420 pedit
485 2369 760 2419 operationem.
1346 2388 1348 2391 v

408 2434 443 2461 2.
463 2422 696 2471 Pam-sam,
716 2421 861 2460 tristitia
878 2421 1043 2471 impedit
1069 2407 1343 2470 operationem,
1371 2428 1414 2458 ut

319 2488 471 2536 supra
485 2475 506 2497 '¹‘
533 2475 677 2513 dictum
706 2482 772 2512 est.
804 2474 883 2512 Sed
909 2486 996 2524 spes
1024 2475 1256 2524 quandoque
1285 2481 1415 2513 causat

353 2527 558 2570 tristitiam:
590 2527 723 2566 dicitur
760 2528 863 2567 enim
894 2528 1008 2564 Prov.
1037 2539 1099 2565 xm
1125 2527 1162 2565 ³⁸:
1192 2528 1282 2576 Spes
1317 2539 1414 2576 quae

354 2578 539 2632 dffertur,
559 2581 700 2631 affligit
715 2581 895 2618 animam.
917 2581 1019 2628 Ergo
1039 2592 1127 2628 spes
1145 2580 1316 2629 impedit
1323 2593 1414 2629 ope-

355 2634 554 2673 rationem.

411 2687 447 2724 3.
475 2687 708 2731 PRAETEREA,
739 2685 951 2733 desperatio
980 2685 1227 2722 contrariatur
1253 2685 1345 2735 spei,
1374 2692 1416 2722 ut

359 2739 501 2777 dictum
530 2745 587 2775 est
603 2738 636 2775 *.
666 2738 744 2774 Sed
773 2737 1006 2786 desperatiO,
1036 2738 1201 2775 maxime
1235 2738 1274 2775 in
1302 2738 1415 2775 rebus

357 2790 522 2838 bellicis,
557 2790 714 2828 adiuvat
749 2790 1037 2839 operationem:
1073 2791 1207 2828 dicitur
1244 2791 1350 2832 enim.
1381 2792 1414 2828 II

357 2845 456 2894 Reg.
472 2856 495 2882 11
509 2843 548 2890 ³²,
575 2842 680 2892 quod
693 2842 906 2892 periculosa
925 2855 986 2880 res
998 2847 1058 2893 ¹est
1073 2844 1292 2892 desperatio.
1313 2845 1414 2892 Ergo

359 2909 446 2946 spes
474 2896 561 2934 facit
589 2896 820 2933 contrarium
847 2896 1043 2943 effectum,
1072 2896 1318 2946 impediendo
1346 2897 1415 2934 sci-

358 2949 444 2987 licet
471 2949 745 2998 operationem.

413 3003 487 3040 SED
503 3013 649 3039 CONTRA
667 3013 733 3038 EST
746 3002 850 3049 quod
867 3001 1002 3038 dicitur
1017 3003 1030 3037 I
1045 3002 1097 3038 ad
1113 3003 1200 3039 Cor.
1213 3014 1248 3038 1x
1261 3002 1293 3049 ²¹²,
1310 3003 1416 3050 quod

359 3056 425 3104 qui
449 3061 551 3101 arat,
578 3055 685 3092 debet
709 3066 824 3091 arare
852 3054 888 3090 in
917 3066 982 3102 spe
996 3055 1151 3102 fructus
1173 3055 1414 3103 percipiendi.

359 3109 408 3145 Et
440 3108 577 3145 eadem
606 3107 698 3144 ratio
728 3114 783 3144 est
810 3107 848 3143 in
877 3107 1056 3144 omnibus
1084 3107 1173 3144 aliis.

413 3162 638 3198 Rsspomo
670 3172 853 3197 DICENDUM
886 3161 990 3208 quod
1025 3172 1111 3208 spes
1139 3172 1208 3208 per
1235 3172 1275 3196 se
1303 3160 1419 3198 habet

360 3214 465 3262 quod
493 3213 647 3250 adiuvet
674 3213 936 3261 operationem
962 3218 989 3259 α,
1015 3213 1247 3249 intendendo
1281 3212 1415 3261 ipsam.

360 3267 409 3303 Et
435 3267 511 3303 hoc
534 3278 580 3303 ex
608 3266 770 3303 duobus.
792 3266 921 3302 Primo
942 3266 1110 3314 quidem,
1132 3277 1177 3302 ex
1197 3265 1340 3302 ratione
1361 3266 1419 3302 sui

360 3319 508 3365 obiecti,
539 3319 644 3367 quod
672 3326 726 3355 est
753 3319 898 3355 bonum
928 3319 1089 3356 arduum
1112 3317 1302 3366 possibile.
1331 3318 1419 3355 Exi-

360 3371 524 3409 stimatio
553 3371 655 3408 enirn
690 3371 797 3408 ardui
821 3371 964 3408 ¹excitat
1000 3371 1268 3408 attentionem:
1298 3371 1420 3408 existi-

1464 2103 1580 2140 matio
1608 2116 1703 2140 vero
1731 2103 1920 2152 possibilis
1947 2116 2025 2141 non
2045 2092 2208 2141 retardat
2232 2111 2424 2142 conatum.
2445 2106 2525 2142 Un-

1466 2157 1514 2194 de
1542 2156 1710 2205 sequitur
1736 2156 1859 2204 quod
1870 2157 1990 2194 homo
2015 2156 2155 2201 intente
2176 2164 2353 2205 operetur
2371 2165 2526 2207 propter

1466 2222 1627 2268 spem.-
1603 2209 1822 2246 -Secundo
1836 2221 1946 2256 vero,
1958 2222 2003 2247 ex
2014 2209 2161 2254 ratione
2174 2209 2232 2247 sui
2244 2210 2414 2247 effectus.
2428 2211 2524 2259 Spes

1466 2262 1581 2309 enim,
1601 2270 1643 2299 ut
1662 2275 1775 2310 supra
1789 2262 1809 2283 ’¹‘
1825 2262 1966 2299 dictum
1988 2270 2053 2308 est,
2072 2270 2199 2299 causat
2219 2263 2525 2301 delectationem:
2553 2275 2562 2283 ·
2604 2280 2618 2295 u
2637 2280 2702 2295 «ιιι
2721 2280 2734 2295 a

1465 2328 1564 2364 quae
1592 2315 1748 2352 adiuvat
1771 2315 2055 2363 operationem.
2070 2323 2110 2352 ut
2129 2315 2276 2364 supra*
2292 2315 2437 2353 dictum
2457 2324 2524 2353 est.
2553 2329 2562 2337 ·
2599 2333 2613 2348 u
2631 2333 2646 2348 x
2679 2333 2694 2348 ιι
2721 2333 2746 2348 ar

1467 2368 1578 2406 Unde
1606 2380 1693 2416 spes
1722 2367 1984 2417 operationem
2014 2368 2181 2406 adiuvat.

1520 2422 1580 2457 An
1613 2433 1750 2458 PRJMUM
1783 2432 1881 2458 ERGO
1915 2432 2099 2465 mCENDuM
2131 2421 2237 2469 quod
2265 2433 2351 2469 spes
2379 2421 2529 2470 respicit

1468 2475 1616 2511 bonum
1649 2474 1983 2522 consequendum:
2011 2474 2196 2512 securitas,
2223 2482 2350 2511 autem
2379 2475 2529 2523 respicit

1466 2528 1610 2564 malum
1637 2526 1849 2564 vitandum.
1879 2527 1990 2564 Unde
2019 2526 2200 2571 securitas
2230 2527 2351 2575 magis
2378 2527 2528 2564 videtur

1469 2579 1614 2629 opponi
1627 2579 1762 2627 timori,
1779 2591 1894 2628 quam
1909 2580 1958 2616 ad
1972 2591 2081 2628 spem
2096 2579 2327 2627 pertinerez-
2339 2581 2388 2616 Et
2401 2588 2529 2619 tamen

1469 2633 1648 2670 securitas
1667 2645 1747 2669 non
1767 2639 1896 2669 causat
1914 2632 2193 2680 negligentiam,
2213 2632 2282 2669 nisi
2302 2632 2527 2680 inquantum

1470 2685 1645 2723 diminuit
1672 2685 1988 2722 existimationem
2012 2685 2138 2730 ardui:
2167 2685 2208 2722 in
2234 2697 2312 2733 quo
2338 2685 2450 2723 etiarn
2468 2685 2530 2723 vdi-

1470 2737 1652 2775 minuitur
1683 2737 1775 2775 ratio
1810 2737 1902 2786 spei.
1938 2738 2002 2775 Illa
2036 2737 2138 2775 enim
2172 2738 2211 2774 in
2245 2738 2381 2786 quibus
2409 2739 2528 2776 homo

1470 2791 1614 2828 nullum
1641 2788 1958 2839 impedimentum
1985 2790 2102 2838 timet,
2133 2790 2240 2849 quasi
2266 2791 2343 2828 iam
2371 2803 2451 2828 non
2470 2804 2528 2828 re-

1470 2851 1648 2893 putantur
1674 2843 1804 2881 ardua

1523 2899 1583 2934 An
1610 2908 1800 2934 SECUNDUM
1820 2908 2004 2934 memnon
2023 2897 2127 2945 quod
2147 2909 2234 2945 spes
2253 2908 2321 2945 per
2339 2909 2380 2933 se
2399 2905 2529 2934 causat

1472 2949 1782 2987 delectationem:
1816 2950 1883 2986 sed
1919 2961 1989 2998 per
2025 2949 2200 2986 accidens
2236 2957 2291 2986 est
2326 2957 2368 2987 ut
2402 2957 2531 2987 causet

1471 3002 1668 3048 tristitiam,
1697 3009 1740 3038 ut
1767 3014 1879 3050 supra
1898 3001 1919 3023 *
1946 3002 2088 3039 dictum
2118 3010 2183 3039 est.

1472 3108 1515 3145 fit
1541 3107 1764 3156 periculosa,
1786 3114 1942 3155 propter
1969 3107 2134 3156 aliquam
2161 3119 2269 3156 spem
2299 3108 2528 3146 adiunctam.

1474 3160 1527 3196 Illi
1555 3160 1656 3196 enim
1686 3160 1751 3207 qui
1786 3160 1990 3208 desperant
2016 3161 2063 3197 de
2091 3161 2193 3209 fuga,
2225 3160 2465 3198 debilitantur
2491 3161 2531 3199 in

1473 3213 1673 3260 fugiendo,
1703 3212 1771 3249 sed
1800 3220 1951 3261 sperant
1983 3220 2146 3250 mortem
2185 3226 2294 3250 suam
2322 3214 2528 3251 vindicare.

1473 3266 1522 3302 Et
1540 3265 1626 3302 ideo
1656 3277 1701 3301 ex
1720 3266 1791 3302 hac
1819 3278 1886 3314 spe
1907 3266 2027 3303 acrius
2046 3274 2235 3315 pugnant:
2262 3267 2364 3304 unde
2385 3267 2531 3316 pericu-

1473 3318 1543 3354 losi
1571 3318 1741 3355 hostibus
1774 3318 1881 3355 fiunt.

413 3495 442 3527 α)
461 3495 651 3526 operationem.
668 3507 687 3513 -
705 3494 742 3519 ad
760 3495 941 3526 operationem
961 3496 1071 3519 codices.

2557 3017 2566 3026 ·
2577 3015 2625 3043 Qu.
2635 3021 2708 3042 xxxii,
2723 3019 2767 3037 art.

1525 3057 1584 3091 An
1602 3065 1761 3092 TERTmM
1789 3066 1971 3092 met-:unum
1998 3056 2103 3103 quod
2123 3055 2334 3104 desperatio
2362 3055 2401 3092 in
2429 3055 2529 3092 bello
2574 3058 2580 3069 '
