2852 4152
152 350 161 358 ·
177 348 242 370 Vers.
258 355 290 376 3¹·

152 665 159 672 ¹
175 663 241 685 Vers.
258 670 286 692 ¹3·

144 1186 196 1211 'Ca
216 1196 262 1217 .1v‚
276 1196 353 1218 n.7.-

142 1216 168 1237 S.
178 1215 199 1237 Τ
217 1232 222 1237 .
239 1217 289 1238 lect.
302 1223 353 1238 νιιι.

137 1730 147 1738 ·
162 1729 190 1750 D.
207 1730 252 1756 ¹78.

135 1757 156 1765 ¹·
168 1755 216 1782 Qu.
226 1762 263 1783 xc,
274 1760 316 1779 art.
327 1763 347 1784 2.

393 213 440 248 82
1095 216 1360 263 QUAESTIO
1391 220 1458 266 ΙΧ,
1488 220 1783 256 ARTICULUS
1813 220 1862 256 VI

446 292 478 328 3.
510 293 741 340 Pmmmm,
770 294 876 329 Deus
905 305 984 330 non
1012 302 1068 331 est
1096 306 1211 332 causa
1234 294 1304 331 nisi
1329 296 1449 331 bono-

1506 308 1551 332 ex
1579 297 1654 332 hoc
1681 304 1783 345 patet
1802 295 1828 344 β,
1849 298 1955 345 quod
1969 298 2144 335 voluntas
2172 300 2287 337 habet
2315 300 2488 338 ordinem
2515 301 2565 338 ad

390 356 496 390 rum;
526 346 736 382 secundum
756 345 847 383 illud
871 346 962 382 Gen.
985 347 1051 383 1²¹⁶:
1080 347 1177 384 Vidit
1193 349 1297 384 Deus
1315 354 1449 384 cuncta
1504 348 1718 385 universale
1748 349 1909 386 bonum.
1936 349 2048 386 Unde
2081 351 2171 387 nihil
2199 352 2301 390 aliud
2324 361 2449 402 potest
2482 366 2564 391 esse

390 407 486 444 quae
502 398 664 445 fecerat,
685 404 722 434 et
747 404 854 435 erant
881 399 990 435 valde
1017 401 1127 437 bona.
1150 400 1189 436 Si
1209 412 1297 446 ergo
1325 412 1346 436 a
1366 400 1448 436 solo

390 450 475 486 Deo
502 451 679 487 voluntas
706 451 872 488 hominis
892 460 1126 498 moveretur,
1147 464 1345 499 nunquam
1365 464 1449 488 mo-

388 510 541 539 veretur
568 504 617 540 ad
636 504 798 540 malum:
824 516 912 540 cum
939 511 1069 540 tamen
1096 505 1272 540 voluntas
1300 504 1346 540 sit
1373 516 1447 552 qua

150 558 360 585 *Retract.,lib.1‚
382 561 565 602 peccatur
591 561 628 592 et
651 562 750 592 recte
775 557 925 601 vivitur,
953 564 995 592 ut
1022 556 1254 603 Augustinus
1284 556 1371 592 dicit
1388 556 1418 593 ³¹⁸.

151 590 201 611 cap.
216 591 247 606 ix.

443 608 517 644 SED
537 619 682 644 CONTRA
701 620 767 645 EST
786 609 891 657 quod
905 609 1112 656 Apostolus
1131 608 1230 655 dicit,
1246 610 1298 645 ad
1313 610 1445 657 Philip.

388 671 411 696 11
421 659 457 696 *ε
473 661 576 697 Deus
591 667 644 697 est
657 662 722 709 qui
735 667 913 708 operatur
927 661 963 697 in
980 662 1085 697 nobis
1099 661 1192 698 velle
1206 667 1243 698 et
1247 663 1444 710 perficere.

441 713 666 750 Responmzo
694 725 877 749 manDUM
898 714 1002 761 quod
1022 720 1149 750 motus
1167 714 1372 751 voluntatis
1391 713 1447 752 est

387 765 434 801 ab
463 765 678 812 intrinseco7
704 765 799 802 sicut
827 773 862 801 et
890 774 1017 802 motus
1045 767 1234 804 naturalis.
1257 768 1445 814 Quamvis

386 825 515 855 autem
534 831 615 854 rem
634 819 844 855 naturalem
863 818 982 865 possit
1001 819 1142 867 aliquid
1161 832 1320 857 movere
1339 821 1443 869 quod

385 882 464 907 non
480 877 534 907 est
549 883 663 907 causa
677 878 832 907 naturae
848 870 901 906 rei
915 879 1056 918 motae,
1073 878 1202 909 tamen
1217 881 1366 910 motum
1380 885 1445 909 na-

385 924 544 959 turalem
574 935 728 959 causare
749 935 827 959 non
850 931 976 971 potest
1003 923 1074 961 nisi
1094 925 1199 973 quod
1225 934 1280 962 est
1303 926 1444 974 aliqua-

383 975 465 1011 liter
494 987 606 1011 causa
634 982 802 1012 naturae.
833 976 1015 1013 Movetur
1043 977 1144 1015 enim
1173 978 1267 1027 lapis
1291 991 1442 1015 sursum

383 1028 431 1064 ab
459 1027 628 1074 homine,
655 1028 719 1076 qui
747 1036 922 1065 naturam
950 1029 1084 1078 lapidis
1107 1043 1186 1067 non
1215 1039 1353 1077 causat,
1375 1032 1443 1068 sed

383 1080 445 1116 hic
472 1087 600 1117 motus
619 1093 698 1117 non
718 1088 775 1118 est
802 1081 918 1130 lapidi
946 1083 1141 1120 naturalis:
1171 1083 1350 1120 naturalis
1378 1096 1444 1119 au-

382 1139 457 1168 tem
478 1140 606 1170 motus
623 1133 702 1170 eius
722 1146 800 1170 non
821 1142 996 1172 causatur
1010 1135 1080 1172 nisi
1101 1137 1148 1172 ab
1169 1148 1215 1171 eo
1231 1136 1335 1184 quod
1356 1148 1442 1172 cau-

382 1191 439 1221 sat
461 1193 646 1223 naturam.
668 1187 780 1223 Unde
800 1187 933 1224 dicitur
951 1188 989 1224 in
1023 1188 1108 1224 VIII
1129 1188 1279 1236 Physic.
1296 1187 1316 1209 '¹‘
1336 1188 1442 1237 quod

380 1249 565 1285 generans
594 1247 726 1276 movet
745 1240 955 1276 secundum
976 1241 1104 1276 locum
1124 1240 1253 1287 gravia
1274 1248 1311 1277 et
1329 1241 1439 1278 levia.

382 1290 443 1327 Sic
460 1303 548 1339 ergo
568 1292 780 1338 hominem,
801 1293 1039 1329 voluntatem
1059 1293 1276 1341 habentem,
1298 1294 1442 1331 contin-

380 1343 431 1391 git
459 1345 607 1381 moveri
636 1346 683 1381 ab
713 1345 840 1393 aliquo
861 1345 925 1394 qui
945 1358 1023 1393 non
1044 1353 1099 1382 est
1119 1358 1233 1383 causa
1253 1346 1351 1383 eius:
1373 1347 1440 1384 sed

380 1398 483 1444 quod
513 1405 646 1434 motus⁴
667 1398 904 1434 voluntarius
933 1398 1012 1435 eius
1041 1399 1087 1435 sit
1114 1399 1163 1435 ab
1192 1398 1319 1447 aliquo
1339 1400 1440 1448 prin-

380 1449 478 1497 cipio
508 1450 717 1486 extrinseco
746 1451 852 1499 quod
881 1463 960 1488 non
989 1459 1044 1488 est
1073 1464 1187 1488 causa
1218 1453 1438 1499 voluntatis,

380 1510 434 1538 est
462 1502 706 1551 impossibile.

430 1555 644 1593 Voluntatis
672 1563 800 1592 autem
820 1568 935 1593 causa
963 1556 1053 1594 nihil
1085 1557 1184 1594 aliud
1214 1569 1296 1594 esse
1314 1565 1440 1606 potest

378 1619 494 1655 quam
522 1609 639 1646 Deus.
670 1609 719 1646 Et
746 1610 821 1646 hoc
849 1616 952 1657 patet
971 1609 1178 1658 dupliciter.
1209 1610 1339 1647 Primo
1360 1611 1438 1659 qui-

377 1661 478 1708 dem,
501 1674 546 1697 ex
573 1662 648 1698 hoc
677 1662 782 1709 quod
805 1663 982 1699 voluntas
1012 1670 1068 1699 est
1095 1663 1263 1711 potentia
1287 1663 1438 1700 animae

376 1713 578 1762 rationalis,
600 1727 698 1763 quae
719 1727 740 1751 a
760 1715 843 1751 solo
872 1716 957 1751 Deo
988 1723 1162 1752 causatur
1184 1727 1254 1764 per
1282 1716 1438 1753 creatio-

375 1778 464 1803 nem
480 1767 511 1815 *,
527 1775 568 1804 ut
586 1767 624 1804 in
645 1767 774 1804 Primo
790 1767 830 1789 *²¹⁸
846 1768 989 1804 dictum
1018 1776 1084 1805 est.
1102 1790 1125 1796 -
1143 1769 1322 1806 Secundo
1342 1781 1435 1806 vero

1503 401 1707 437 voluntatis
1737 413 1861 448 causa,
1891 401 1962 438 nisi
1989 401 2069 451 ipse
2098 403 2214 451 Deus,
2244 405 2309 453 qui
2331 413 2388 443 est
2413 406 2564 444 univer-

1503 453 1581 488 sale
1601 454 1759 490 bonum.
1782 453 1910 491 Omne
1930 462 2058 491 autem
2078 454 2180 492 aliud
2200 457 2345 494 bonum
2365 470 2434 506 per
2451 459 2563 507 parti-

1504 504 1734 552 cipationem
1763 505 1897 543 dicitur
1914 506 1945 554 *‚
1967 515 2004 544 et
2033 515 2088 544 est
2115 508 2312 555 quoddam
2339 510 2562 558 particulare

1503 557 1650 594 bonum
1668 559 1708 594 *z
1737 558 1970 607 particularis
1997 567 2127 597 autem
2157 573 2271 598 causa
2295 573 2373 599 non
2393 563 2457 599 dat
2474 568 2491 592 ἵ
2508 563 2564 600 in-

1503 609 1744 646 clinationem
1758 611 2027 650 universalem.
2043 613 2154 650 Unde
2170 625 2242 650 nec
2255 614 2412 651 materia
2426 614 2561 663 prima3

1502 674 1600 710 quae
1620 671 1675 699 est
1697 662 1736 699 in
1754 664 1922 712 potentia
1940 666 1988 703 ad
2008 677 2142 703 omnes
2162 666 2316 715 formas,
2331 674 2457 717 potest
2476 679 2562 704 cau-

1501 715 1573 751 sari
1603 716 1651 752 ab
1679 715 1805 764 aliquo
1833 717 2045 765 particulari
2073 717 2219 767 agente.

1552 769 1613 804 An
1641 780 1778 806 ramum
1810 781 1909 806 ERGO
1941 782 2125 809 DxcENDuM
2156 772 2263 820 quod
2295 774 2450 821 angelus
2481 785 2561 810 non

1500 820 1554 857 sic
1582 829 1638 858 est
1660 834 1775 870 supra
1802 822 2012 871 hominem,
2033 824 2140 872 quod
2158 825 2204 862 sit
2224 837 2337 862 causa
2355 826 2560 863 voluntatis

1500 873 1597 920 eius3
1624 874 1719 911 sicut
1738 886 1899 924 corpora
1919 876 2092 913 caelestia
2111 885 2198 914 sunt
2217 890 2330 915 causa
2349 879 2558 916 formarum

1501 927 1741 974 naturalium,
1762 929 1811 965 ad
1831 940 1926 976 quas
1947 937 2232 977 consequuntur
2259 933 2447 969 naturales
2475 942 2558 968 mo-

1499 986 1557 1015 tus
1587 991 1793 1028 corporum
1821 981 2060 1018 naturalium.

1551 1033 1610 1068 AD
1629 1044 1819 1069 SECUNDUM
1839 1045 2023 1071 DICENDUM
2042 1034 2148 1082 quod
2167 1034 2375 1073 intellectus
2392 1037 2558 1074 hominis

1498 1091 1677 1120 movetur
1703 1085 1751 1120 ab
1785 1086 1921 1132 angelo
1950 1098 1996 1122 ex
2023 1094 2129 1135 parte
2164 1087 2320 1135 obiecti,
2350 1090 2456 1137 quod
2488 1090 2559 1127 sibi

1496 1136 1723 1184 proponitur
1736 1137 1873 1174 virtute
1889 1138 2046 1186 angelici
2065 1139 2218 1176 luminis
2233 1140 2283 1178 ad
2297 1139 2310 1163 δ
2326 1153 2558 1189 cognoscen—

1498 1188 1602 1225 dum.
1633 1190 1681 1225 Et
1700 1189 1753 1226 sic
1773 1190 1886 1227 etiam
1913 1192 2090 1228 voluntas
2118 1193 2167 1229 ab
2188 1193 2361 1230 exteriori
2389 1202 2558 1232 creatura

1495 1248 1621 1289 potest
1647 1242 1808 1290 moveri,
1837 1251 1879 1280 ut
1907 1243 2049 1281 dictum
2066 1252 2135 1283 vest
2152 1244 2185 1282 *.

1549 1295 1608 1331 AD
1636 1306 1795 1332 TERTmM
1815 1308 1998 1334 mCENDUM
2017 1297 2123 1345 quod
2142 1299 2248 1335 Deus
2272 1306 2405 1336 movet
2422 1300 2558 1337 volun*

1495 1354 1611 1383 tatem
1639 1348 1817 1396 hominis,
1839 1349 1934 1386 sicut
1952 1350 2176 1387 universalis
2200 1355 2212 1372 ⁸
2230 1359 2370 1399 motor,
2400 1352 2450 1389 ad
2475 1352 2558 1389 uni-

1495 1401 1642 1436 versale
1667 1401 1858 1438 obiectum
1881 1403 2097 1450 voluntatis,
2118 1404 2225 1451 quod
2245 1411 2300 1441 est
2319 1404 2478 1442 bonurn.
2507 1405 2559 1442 Et

1495 1452 1576 1489 sine
1604 1454 1676 1490 hac
1703 1454 1909 1492 universali
1930 1454 1942 1478 ζ
1971 1456 2140 1492 motione
2173 1457 2292 1493 homo
2326 1470 2405 1494 non
2432 1465 2557 1506 potest

1495 1505 1636 1553 aliquid
1664 1507 1774 1543 velle.
1806 1507 1883 1544 Sed
1902 1508 2019 1545 homo
2039 1521 2108 1557 per
2126 1509 2311 1546 rationem
2333 1509 2557 1547 determinat

1495 1570 1535 1594 se
1565 1558 1613 1594 ad
1640 1559 1849 1596 volendum
1877 1560 1953 1597 hoc
1979 1562 2042 1597 vel
2070 1561 2174 1607 illud,
2203 1563 2308 1610 quod
2337 1569 2392 1599 est
2417 1573 2508 1600 vere
2537 1568 2556 1590 η

1495 1611 1641 1648 bonurn
1655 1612 1718 1648 vel
1739 1624 1927 1660 apparens
1955 1613 2115 1650 bonurn.
2136 1635 2160 1641 -
2183 1613 2259 1651 Sed
2288 1621 2416 1652 tamen
2443 1612 2556 1652 inter-

1494 1664 1586 1700 dum
1619 1664 1830 1713 specialiter
1857 1666 1963 1702 Deus
1995 1674 2128 1703 movet
2156 1666 2302 1715 aliquos
2335 1668 2384 1704 ad
2417 1667 2556 1716 aliquid

1493 1717 1742 1754 determinate
1762 1718 1984 1766 volendum⁷
2006 1719 2111 1767 quod
2132 1726 2187 1756 est
2206 1720 2369 1756 bonum:
2398 1719 2495 1756 sicut
2517 1719 2556 1757 in

1491 1769 1549 1806 his
1579 1782 1676 1818 quos
1704 1778 1837 1807 movet
1862 1783 1931 1820 per
1958 1772 2134 1819 gratiam,
2163 1779 2204 1808 ut
2231 1772 2327 1809 infra
2349 1772 2370 1794 '¹‘
2397 1772 2552 1810 dicetur.

427 1906 452 1940 β)
468 1911 554 1939 patet.
571 1921 589 1926 -
609 1908 670 1932 Om.
690 1907 716 1931 P.

425 1944 451 1975 γ)
473 1943 527 1967 dat.
546 1956 564 1960 -
575 1942 647 1976 facit
666 1943 685 1966 F
688 1943 705 1966 1.

425 1977 449 2010 δ)
469 1978 514 2003 ad.
532 1992 551 1996 -
569 1977 630 2002 Om.
651 1978 761 2002 codices.

1544 1909 1566 1941 ε)
1585 1909 1653 1934 sicut
1672 1909 1839 1934 universalis.
1851 1923 1870 1928 —
1882 1912 1909 1934 et
1926 1913 1965 1935 est
1985 1910 2144 1935 universalis
2158 1910 2176 1941 1,
2194 1910 2264 1936 sicut
2282 1911 2415 1936 naturalis
2427 1912 2459 1937 K.
2471 1925 2492 1931 -
2503 1912 2554 1938 Pro

1490 1943 1534 1972 ad,
1555 1947 1581 1968 et
1599 1944 1646 1974 sF3
1665 1952 1713 1976 pro
1732 1945 1868 1974 obiectum,
1888 1945 1983 1970 bonum
2004 1945 2037 1970 G.
2200 1975 2203 1979 ‚

1543 1978 1568 2010 ζ)
1589 1979 1741 2003 universali.
1759 1993 1778 2000 ·-
1796 1980 1857 2004 Om.
1876 1979 1907 2004 E.
1924 1994 1943 1999 -
1961 1980 2011 2004 Pro
2025 1983 2123 2012 potest,
2138 1983 2250 2012 poterat
2266 1980 2296 2005 F.

1543 2015 1569 2046 η)
1589 2021 1658 2038 vere.
1676 2027 1695 2032 —
1714 2014 1862 2039 universale
1881 2015 1914 2040 H.

1006 2127 1008 2129 .
1051 2100 1381 2134 Commentaria
1404 2101 1654 2134 Cardinalis
1677 2101 1877 2135 Caietani
1906 2109 1918 2118 t

402 2201 421 2221 N
437 2190 567 2221 articulo
587 2195 674 2220 sexto
693 2189 836 2219 eiusdem
862 2189 1066 2230 quaestionis,
1085 2190 1209 2221 adverte
1229 2190 1304 2220 duo.
1327 2190 1435 2220 Primo

374 2204 500 2276 Iqu0d‚
517 2234 592 2275 quia
608 2234 640 2264 in
659 2233 752 2264 titulo
776 2233 960 2273 exprimitur
975 2234 1007 2274 ly
1023 2235 1105 2264 sicut
1119 2234 1159 2264 ab
1175 2235 1328 2264 exteriori
1345 2235 1437 2274 prin-

372 2280 464 2320 cipio,
482 2288 549 2309 non
573 2284 698 2318 oportet
713 2277 746 2307 in
761 2287 893 2317 corpore
917 2277 1047 2314 articuli,
1066 2287 1140 2308 cum
1157 2278 1195 2308 de
1215 2287 1309 2308 causa
1325 2284 1433 2308 motus

372 2323 521 2353 naturalis
531 2322 581 2352 vel
592 2321 762 2352 voluntarii
774 2321 885 2361 agitur,
898 2320 997 2352 facere
1009 2321 1059 2351 vel
1072 2321 1304 2361 subintelligere
1316 2321 1434 2352 disiun-

372 2367 503 2403 ctivam;
527 2373 605 2407 puta
628 2366 716 2407 quod
744 2375 810 2395 non
838 2371 943 2405 potest
966 2365 1086 2396 causari
1109 2365 1170 2395 nisi
1194 2376 1211 2395 a
1227 2366 1320 2396 dante
1343 2373 1434 2396 natu-

371 2421 439 2441 ram
462 2421 517 2441 seu
540 2410 748 2446 voluntatem,
769 2409 818 2439 vel
841 2419 859 2439 a
882 2409 996 2449 seipso.
1017 2410 1090 2440 Hoc
1114 2410 1199 2440 enim
1229 2409 1300 2440 licet
1322 2419 1434 2440 verum

372 2455 411 2486 sit
433 2455 587 2490 absolute,
607 2454 640 2484 in
655 2463 768 2494 genere
791 2460 897 2484 tamen
921 2453 1080 2484 exterioris
1103 2453 1249 2495 principii
1266 2463 1331 2484 non
1347 2464 1433 2484 com-

371 2499 575 2539 prehenditur
590 2499 773 2539 ipsummet,
787 2497 862 2538 quia
877 2504 923 2528 est
935 2497 1127 2538 principium
1143 2497 1362 2534 intrinsecum;
1379 2499 1434 2528 sed

372 2543 578 2573 solummodo
602 2543 693 2572 dator
711 2549 840 2572 naturae
864 2548 918 2572 aut
941 2542 1121 2573 voluntatis.

438 2587 594 2623 Secundo,
611 2587 700 2627 quod
714 2586 746 2616 in
766 2585 972 2626 responsione
988 2586 1027 2615 ad
1047 2586 1175 2617 tertium
1194 2586 1326 2616 habetur
1344 2586 1433 2626 quod

371 2631 457 2661 Deus
481 2641 547 2661 non
570 2631 677 2661 solum
696 2630 871 2670 potentiam
894 2630 1066 2661 voluntatis
1090 2631 1151 2667 dat,
1169 2630 1223 2660 sed
1251 2637 1357 2661 actum
1380 2640 1434 2660 vo-

1487 2190 1573 2221 lendi
1597 2190 1741 2221 clausum
1755 2190 1789 2221 in
1809 2191 1898 2221 omni
1921 2197 1993 2222 actu
2017 2191 2155 2228 volendi,
2179 2191 2282 2233 ipsam
2298 2191 2415 2223 scilicet
2427 2192 2554 2224 volitio-

1488 2244 1564 2265 nem
1585 2235 1672 2266 boni.
1696 2235 1732 2265 In
1755 2235 1845 2265 omni
1869 2234 1954 2265 enim
1976 2235 2130 2266 volitione
2152 2235 2229 2267 haec
2250 2236 2363 2267 volitio
2387 2236 2553 2275 clauditur,

1488 2285 1524 2309 ut
1538 2278 1732 2318 principium
1747 2279 1780 2309 in
1797 2278 2011 2310 conclusione.
2031 2279 2073 2310 Et
2087 2286 2255 2320 propterea
2272 2280 2305 2310 in
2318 2280 2421 2311 littera
2439 2280 2554 2312 dicitur

1487 2323 1575 2363 quod
1595 2332 1631 2352 ex
1646 2322 1705 2353 hac
1726 2322 1880 2353 volitione
1901 2322 2050 2353 voluntas
2069 2333 2125 2363 per
2138 2322 2294 2354 rationem
2317 2323 2552 2355 determinatae

1487 2366 1527 2396 ad
1549 2366 1611 2397 hoc
1634 2366 1684 2396 vel
1706 2366 1785 2396 illud
1808 2366 1932 2396 bonum
1954 2376 2026 2396 vere
2047 2367 2098 2397 vel
2125 2373 2326 2408 apparenter,
2351 2374 2382 2398 et
2409 2367 2475 2398 sine
2498 2368 2552 2399 illa

1486 2409 1727 2450 praesupposita
1749 2409 1902 2440 volitione
1921 2410 1999 2440 nihil
2015 2410 2150 2440 omnino
2165 2411 2244 2441 velle
2263 2418 2381 2452 potest:
2398 2411 2479 2442 sicut
2493 2421 2552 2443 nec

1486 2454 1553 2484 sine
1567 2454 1798 2494 principiorum
1812 2454 1993 2493 cognitione
2006 2454 2183 2486 intellectus
2197 2454 2317 2496 aliquid
2328 2465 2421 2486 nosse
2435 2462 2549 2496 potest.

1486 2498 1527 2528 Et
1541 2498 1618 2529 haec
1641 2498 1753 2528 volitio
1774 2504 1820 2528 est
1840 2498 1893 2528 illa
1909 2498 1948 2528 ad
1964 2507 2062 2539 quam
2085 2498 2207 2529 dictum
2230 2506 2277 2530 est
2290 2496 2307 2514 ⁴¹
2323 2506 2470 2540 oportere
2491 2510 2550 2531 vo—

1485 2542 1641 2573 luntatem
1668 2541 1790 2572 moveri
1817 2543 1855 2572 ab
1879 2541 1942 2572 alio
1973 2541 2067 2573 etiam
2094 2542 2203 2583 quoad
2233 2543 2415 2574 exercitium
2442 2549 2549 2575 actus:

1488 2587 1664 2616 secundum
1686 2586 1767 2616 hanc
1791 2585 1876 2616 enim
1900 2585 1997 2617 fertur
2020 2593 2091 2617 actu
2115 2586 2149 2617 in
2171 2585 2278 2624 finem,
2299 2594 2329 2618 et
2352 2597 2389 2618 ex
2410 2586 2469 2618 hac
2482 2588 2552 2620 vult

1487 2630 1643 2671 quidquid
1665 2630 1742 2661 vult.

2594 518 2602 527 ·
2615 518 2645 539 D.
2659 523 2709 547 ²93·

2591 568 2601 577 ·
2613 566 2641 588 D.
2657 567 2705 594 285.

2581 1784 2591 1794 ·
2602 1783 2652 1812 Qu.
2660 1788 2708 1811 ax,
2719 1786 2762 1806 nrt.
2771 1788 2795 1805 π.

2580 2508 2589 2517 ·
2603 2507 2655 2530 Art.
2664 2514 2688 2535 4.
