2852 4152
183 832 193 840 ·
208 830 243 851 Cf.
258 836 298 858 qu.
309 837 340 858 νι,
355 831 393 852 In-

182 856 242 878 trod.

177 1413 188 1425 ⁸
193 1413 229 1435 De
235 1413 321 1435 Inuent.
327 1414 386 1436 Rhe-

177 1441 231 1467 tor.,
247 1440 287 1462 lib.
301 1440 319 1461 I.

271 1621 288 1638 α

173 1725 272 1773 ἰ’,αἵὲορία
285 1725 318 1747 ad
326 1726 384 1747 Tre-

266 2298 280 2331 β

169 2333 178 2342 ¹
198 2332 290 2360 Cap.1.
306 2338 377 2360 n.15‚

168 2364 205 2380 20.
217 2370 227 2374 -
238 2359 263 2380 S.
273 2358 317 2380 Th.
327 2359 378 2380 lect.

169 2391 202 2412 ιιι,
217 2391 250 2406 ιν.

265 2461 281 2486 Υ

168 2576 318 2603 'Periherm.,
326 2576 379 2598 Did.

168 2603 207 2625 lib.
219 2604 279 2625 unic.
303 2609 377 2631 caps,

168 2619 378 2656 n.2.-s.”1²11.1ib.1,

167 2657 219 2678 lect.
235 2662 258 2678 ιι.

169 2937 178 2946 ·
193 2936 335 2958 s.Th.1ect.
350 2944 375 2964 v;

165 2962 220 2984 Did.
227 2962 266 2985 lib.
275 2962 314 2988 tx.
325 2969 375 2991 cup.

166 2991 375 3038 ¹353·.;·.516.³{5„“.·‘

1135 273 1400 319 QUAESTIO
1428 274 1514 320 Vll,
1544 274 1837 311 ARTICULUS
1867 275 1880 309 Ι

1103 470 1510 546 QUAESTIO
1549 471 1914 527 SEPTIMA

832 589 914 628 DE
950 588 1455 630 CIRCUMSTANTIIS
1490 589 1890 630 HUMANORUM
1923 590 2182 632 ACTUUM

1203 693 1237 718 IN
1267 693 1439 724 QUATUOR
1466 694 1666 719 ARTICULOS
1695 695 1811 719 DIVISA

506 789 612 815 EINDE
656 777 970 814 considerandum
1009 784 1064 812 est
1101 777 1148 813 de
1190 777 1476 814 circumstantiis

505 831 764 867 humanorum
792 837 945 866 actuum
965 828 995 865 ³¹³.

420 883 468 919 Et
497 883 593 919 circa
620 883 695 919 hoc
723 889 953 930 quaeruntur
980 889 1151 929 quatuor.

472 935 617 972 Primo:
647 935 738 983 quid
766 935 811 971 sit
839 934 1128 972 circumstantia.

1583 778 1779 814 Secundo:
1807 786 1936 816 utrum
1964 780 2265 820 circumstantiae
2297 783 2370 820 sint
2397 783 2494 822 circa
2521 786 2591 823 hu-

1634 842 1769 867 manos
1798 838 1902 868 actus
1930 833 2180 871 attendendae
2209 847 2231 872 a
2257 836 2446 885 theologo.

1582 883 1729 919 Tertio:
1759 891 1853 932 quot
1881 892 1966 921 sunt
1994 885 2303 925 circumstantiae.

1584 936 1746 982 Quarto:
1776 948 1873 985 quae
1903 944 1989 974 sunt
2016 937 2054 974 in
2082 938 2134 975 eis
2161 940 2454 989 principaliores.

1246 1043 1562 1084 ARTICULUS
1593 1043 1798 1086 PRIMUS

891 1135 1046 1166 UTRUM
1070 1134 1425 1166 CrRCUMSTANTIA
1447 1134 1514 1164 SIT
1537 1134 1752 1166 AccinENs
1774 1136 1918 1168 ACTus
1941 1138 2114 1169 HUMANI

1013 1213 1087 1243 Infra,
1107 1221 1151 1245 qu.
1169 1220 1238 1242 xvni,
1258 1217 1304 1237 art.
1326 1212 1338 1237 3
1345 1220 1352 1243 ;
1372 1213 1406 1237 IV
1426 1213 1512 1242 Sent.,
1533 1213 1591 1238 dist.
1611 1221 1666 1245 xvr,
1687 1221 1731 1247 qu.
1749 1221 1787 1243 m.
1807 1220 1851 1240 art.
1870 1222 1888 1245 ι,
1908 1217 1956 1249 qu*
1975 1224 1993 1241 1.

448 1318 512 1347 *ψ
531 1322 572 1345 „s
625 1315 648 1339 D
675 1314 811 1339 Panium
840 1314 892 1338 slc
920 1313 1158 1338 PROCEDITUR.
1188 1301 1347 1338 Videtur
1370 1302 1475 1350 quod

443 1346 901 1413 &scircumstantia
926 1367 1003 1391 non
1022 1354 1068 1391 sit
1086 1354 1263 1392 accidens
1280 1362 1385 1391 actus
1404 1354 1474 1391 hu-

432 1408 560 1489 stes}
575 1407 738 1451 [mani.
759 1407 858 1444 Dicit
874 1407 974 1444 enim
990 1407 1147 1454 Tullius,
1165 1408 1206 1444 in>
1222 1408 1431 1444 Rhetoricis
1440 1407 1472 1454 ⁵¹⁶,

423 1428 566 1498 *Assy
595 1461 729 1508 quod
749 1460 1026 1497 circumstantia
1059 1468 1115 1497 est
1133 1472 1206 1509 per
1223 1472 1338 1509 quam
1357 1472 1474 1511 argu-

412 1514 632 1550 mentationi
656 1514 914 1550 auctoritatem
934 1519 970 1550 et
983 1514 1274 1561 firmamentum
1302 1514 1476 1563 adiungit

412 1566 543 1602 oratio.
557 1566 633 1603 Sed
649 1566 769 1603 oratio
780 1566 844 1603 dat
857 1566 1144 1603 firmamentum
1160 1566 1472 1614 argumentationi

410 1618 613 1667 praecipue
633 1619 680 1656 ab
699 1619 758 1656 his
776 1631 875 1667 quae
895 1627 985 1656 sunt
1000 1621 1048 1657 de
1067 1620 1272 1656 substantia
1293 1625 1310 1641 α
1334 1619 1403 1667 rei,
1431 1627 1473 1657 ut

412 1671 592 1718 definitio,
613 1684 743 1720 genus,
765 1672 922 1720 species,
943 1679 980 1708 et
998 1672 1070 1709 alia
1088 1672 1324 1718 huiusmodi;
1349 1685 1371 1709 a
1391 1673 1472 1721 qui-

411 1724 482 1760 bus
510 1724 623 1761 etiam
643 1725 793 1762 Tullius
815 1732 1004 1762 oratorem
1032 1726 1286 1773 argumentari
1310 1726 1421 1763 docet
1438 1726 1469 1763 ³¹⁸.

411 1777 513 1824 Ergo
534 1777 810 1815 circumstantia
824 1790 905 1814 non
923 1785 979 1814 est
992 1778 1166 1815 accidens
1180 1779 1336 1815 humani
1352 1787 1468 1816 actus.

465 1842 500 1866 2.
530 1831 765 1877 PRAETEREA,
796 1830 1000 1868 accidentis
1027 1831 1222 1880 proprium
1251 1838 1308 1868 est
1333 1832 1468 1869 inesse.

411 1882 528 1929 Quod
556 1891 683 1920 autem
713 1884 938 1930 circumstat,
959 1896 1036 1920 non
1065 1884 1171 1930 inest,
1189 1884 1256 1921 sed
1275 1885 1395 1932 magis
1416 1893 1471 1922 est

410 1942 523 1972 extra.
558 1937 658 1983 Ergo
692 1936 991 1973 circumstantiae
1025 1949 1106 1973 non
1142 1944 1228 1973 sunt
1263 1937 1469 1975 accidentia

407 1989 665 2025 humanorum
693 1996 858 2025 actuum.

462 2042 496 2077 3.
528 2042 758 2087 PRAETEREA,
780 2040 982 2078 accidentis
1002 2054 1080 2078 non
1101 2049 1155 2078 est
1174 2042 1360 2079 accidens.
1391 2043 1468 2079 Sed

406 2093 478 2142 ipsi
504 2093 662 2130 humani
690 2101 794 2130 actus
815 2101 900 2130 sunt
919 2094 1111 2142 quaedam
1130 2094 1348 2132 accidentia.
1376 2096 1468 2133 Non

407 2158 495 2194 ergo
525 2145 824 2183 circumstantiae
854 2154 940 2183 sunt
968 2147 1174 2184 accidentia
1202 2155 1367 2184 actuum.

461 2200 534 2236 SED
555 2211 714 2246 CONTRA,
743 2199 985 2248 particulares
1015 2200 1254 2237 conditiones
1272 2201 1468 2239 cuiuslibet

406 2251 460 2288 rei
498 2251 694 2300 singularis
737 2251 908 2289 dicuntur
951 2252 1158 2290 accidentia
1193 2253 1467 2292 individuanti'a

404 2304 528 2353 ipsam
537 2303 563 2342 β.
577 2304 654 2342 Sed
669 2305 936 2353 Philosophus,
946 2305 985 2342 in
999 2306 1049 2342 III
1059 2305 1214 2353 Ethicflg
1225 2306 1466 2345 circumstan-

405 2357 478 2396 tias
501 2358 675 2396 nominat
695 2358 962 2406 particularia,
995 2358 1092 2395 idest
1123 2358 1364 2407 particulares
1392 2361 1465 2398 sin-

406 2411 581 2458 gulorum
602 2418 754 2447 actuum
775 2410 1022 2447 conditiones.
1043 2411 1144 2458 Ergo
1163 2411 1465 2450 circumstantiae

406 2470 494 2500 sunt
512 2463 719 2500 accidentia
739 2463 981 2501 individualia
995 2468 1011 2491 Υ
1025 2460 1283 2501 human'orum
1298 2473 1463 2504 actuum.

459 2517 683 2553 RESPONDEO
717 2528 900 2554 DICENDUM
936 2516 1057 2564 quod,
1087 2517 1175 2566 quia
1203 2519 1377 2565 nomina,
1407 2532 1464 2556 se-

408 2569 575 2607 cundum
602 2568 928 2618 Philosophum&
957 2575 1043 2606 sunt
1067 2570 1182 2620 signa
1203 2570 1462 2618 intellectuum,

406 2634 559 2661 necesse
581 2630 636 2660 est
653 2623 758 2670 quod
785 2621 998 2659 secundum
1025 2634 1247 2671 processum
1275 2624 1466 2662 intellecti-

405 2687 479 2712 vae
507 2675 741 2723 cognitionis,
762 2675 808 2712 sit
827 2674 938 2711 etiarn
958 2675 1228 2713 nominationis
1250 2689 1462 2725 processus.

405 2728 584 2766 Procedit
606 2735 732 2766 autem
751 2735 879 2766 nostra
898 2728 1059 2775 cognitio
1080 2729 1335 2767 intellectualis
1355 2743 1377 2768 a
1396 2743 1464 2768 no-

404 2780 560 2818 tioribus
589 2781 638 2818 ad
666 2781 793 2818 minus
821 2787 922 2817 nota.
947 2781 996 2818 Et
1015 2781 1101 2818 ideo
1130 2782 1232 2830 apud
1265 2795 1335 2820 nos
1356 2796 1377 2820 a
1397 2797 1464 2821 no-

403 2833 559 2873 tioribus
579 2834 735 2872 nomina
749 2834 1020 2871 transferuntur
1035 2835 1083 2872 ad
1098 2834 1385 2882 significandum
1405 2850 1464 2874 res

403 2886 528 2924 minus
555 2895 674 2924 notas.
706 2888 754 2923 Et
781 2887 868 2924 inde
894 2894 948 2923 est
967 2887 1083 2936 quod,
1105 2888 1199 2924 sicut
1218 2888 1352 2926 dicitur
1370 2890 1463 2927 inX

403 2941 617 2988 Metaphys.
641 2940 672 2986 ³¹⁶,
702 2941 750 2976 ab
774 2940 830 2976 his
853 2951 949 2987 quae
975 2946 1063 2976 sunt
1087 2941 1290 2978 secundum
1317 2942 1461 2989 locum,

398 2994 580 3040 processit
605 3005 738 3029 nomen
763 2992 958 3029 distantiae
975 2993 1027 3029 ad
1052 2995 1179 3030 omnia
1199 2995 1407 3032 contraria.-
1427 3004 1463 3032 et

404 3045 566 3082 similiter
594 3045 809 3082 nominibus
834 3044 1106 3093 pertinentibus
1126 3047 1174 3083 ad
1194 3055 1341 3084 motum
1362 3048 1461 3085 loca-

403 3098 491 3144 lem,
507 3098 644 3134 utimur
658 3098 707 3134 ad
722 3098 1010 3144 significandum
1031 3098 1123 3135 alios
1139 3107 1277 3146 motus,
1295 3113 1340 3137 eo
1357 3101 1461 3148 quod

405 3162 575 3198 corpora,
593 3162 690 3198 quae
710 3151 794 3187 loeo
811 3151 1178 3199 circumscribuntur,
1195 3160 1281 3189 sunt
1295 3154 1460 3190 maxime

404 3203 515 3239 nobis
542 3210 642 3239 nota.
673 3204 721 3239 Et
748 3203 835 3240 inde
861 3204 1037 3252 estquod
1056 3217 1199 3241 nomen
1219 3206 1460 3243 circumstan-

404 3256 477 3292 tiae
503 3256 551 3291 ab
579 3255 637 3292 his
665 3268 762 3303 quae
782 3255 820 3292 in
840 3255 923 3291 loco
953 3264 1049 3303 sunt,
1079 3257 1269 3295 derivatur
1288 3258 1337 3295 ad
1357 3266 1461 3296 actus

403 3308 604 3345 humanos.

457 3360 598 3397 Dicitur
617 3367 744 3396 autem
772 3359 811 3396 in
834 3360 1016 3396 localibus
1045 3361 1185 3410 aliquid
1205 3362 1457 3410 circumstare,

405 3413 507 3461 quod
537 3421 592 3449 est
611 3413 765 3460 quidem
792 3413 1039 3450 extrinsecum
1060 3426 1081 3450 a
1101 3427 1150 3460 re,
1173 3422 1300 3452 tamen
1320 3416 1460 3464 attingit

1528 1301 1663 1350 ipsam,
1682 1303 1745 1340 vel
1773 1304 2055 1353 appropinquat
2082 1306 2116 1342 'ei
2144 1308 2356 1346 secundum
2380 1310 2519 1349 locum.
2540 1313 2591 1349 Et·

1527 1354 1614 1392 ideo
1635 1367 1901 1405 quaecumque
1926 1357 2163 1396 conditiones
2185 1368 2272 1397 sunt
2295 1368 2397 1399 extra
2416 1363 2590 1406 substan-1

1527 1407 1618 1444 tiam
1639 1415 1755 1456 actus,
1773 1416 1808 1445 et
1826 1417 1955 1447 tamen
1971 1410 2156 1459 attingunt
2174 1413 2300 1462 aliquo
2320 1415 2438 1452 modo
2458 1423 2585 1455 actum

1526 1461 1752 1508 humanum,
1783 1462 2080 1500 circumstantiae
2107 1465 2290 1504 dicuntur.
2316 1467 2434 1514 Quod
2458 1477 2590 1507 autem-

1527 1521 1583 1550 est
1602 1522 1704 1550 extra
1723 1515 1973 1552 substantiam¹
1991 1516 2045 1552 rei
2066 1517 2114 1554 ad
2134 1530 2214 1555 rem
2239 1519 2361 1568 ipsam
2380 1521 2585 1571 pertinens,

1526 1566 1702 1603 accidens
1722 1567 1802 1604 eius
1822 1567 1963 1604 dicitur.
1980 1569 2095 1607 Unde·
2108 1569 2414 1610 circumstantiae·
2429 1569 2589 1612 actuum

1525 1619 1785 1656 humanorum
1814 1620 2022 1658 accidentia
2056 1635 2189 1660 eorum
2218 1624 2379 1662 dicenda
2407 1634 2504 1664 sunt.

1577 1673 1636 1708 Αι)
1665 1684 1799 1710 PRIMUM
1819 1685 1917 1710 ERGO
1942 1685 2125 1712 DlCENDUM
2155 1677 2260 1723 quod
2279 1677 2399 1714 oratio
2428 1679 2590 1726 quidem*

1526 1724 1590 1761 dat
1616 1725 1901 1762 firmamentum
1931 1729 2259 1776 argumentationi,
2282 1730 2409 1779 primo
2433 1743 2478 1768 ex
2498 1733 2592 1770 sub*

1524 1777 1657 1814 stantia
1685 1785 1810 1815 actus:
1840 1780 2064 1817 secundario
2092 1793 2202 1828 vero,
2228 1779 2278 1819 ‘ex
2305 1783 2363 1820 his
2391 1796 2489 1833 quae
2518 1785 2585 1822 cir-

1525 1838 1713 1867 cumstant
1731 1839 1869 1868 actum.
1902 1832 2006 1869 Sicut
2022 1834 2146 1881 primo
2173 1836 2394 1873 accusabilis
2418 1837 2589 1876 redditur

1523 1882 1655 1931 aliquis
1675 1895 1719 1920 ex
1738 1884 1812 1920 hoc
1841 1885 1945 1933 quod
1964 1886 2214 1924 homicidium
2234 1888 2337 1925 fecit:
2360 1890 2583 1928 secundan'o

1521 1947 1628 1981 vero,
1649 1947 1692 1972 ex
1717 1937 1792 1973 hoc
1820 1938 1926 1985 quod
1946 1938 2034 1975 dolo
2055 1939 2150 1987 feeit,
2170 1941 2233 1978 vel
2251 1949 2407 1990 propter
2423 1943 2582 1992 lucrum,

1521 1988 1583 2023 vel
1611 1988 1649 2024 in
1677 1995 1849 2037 tempore
1869 1997 1933 2026 aut
1951 1989 1964 2012 ὃ
1983 1992 2068 2028 loco
2093 2005 2212 2039 sacro,
2233 2001 2298 2031 aut
2321 1994 2460 2043 aliquid
2479 1996 2583 2035 aliud

1521 2039 1752 2078 huiusmodi.
1779 2042 1827 2078 Et
1854 2042 1941 2079 ideo
1971 2044 2160 2091 signanter
2187 2045 2274 2082 dicit
2297 2047 2402 2095 quod
2420 2060 2489 2096 per
2515 2049 2583 2086 cir-

1521 2093 1787 2130 cumstantiam
1811 2095 1931 2132 oratio
1959 2099 2279 2145 argumentationi
2292 2100 2583 2146 firmamentum

1520 2145 1703 2195 adiungit,
1732 2146 1840 2195 quasi
1869 2148 2105 2199 secundario.

1573 2199 1632 2234 Αι)
1647 2209 2038 2238 εεωΝῡυΜωιοΕΝουΜ
2058 2203 2162 2251 quod
2181 2203 2324 2252 aliquid
2342 2204 2478 2242 dicitur·
2488 2205 2584 2244 acci-

1521 2250 1614 2287 dens
1634 2250 1789 2288 alicuius
1810 2252 2014 2301 dupliciter.
2044 2254 2130 2293 Uno
2151 2255 2283 2304 mod0‚
2308 2257 2398 2306 quia
2414 2258 2512 2297 inest
2530 2258 2581 2297 ei:

1520 2302 1616 2340 sicut
1642 2304 1770 2341 album
1791 2304 1924 2342 dicitur
1945 2307 2122 2345 accidens
2141 2308 2317 2346 Socratis.
2342 2309 2429 2354 Alio
2448 2311 2583 2360 modo«,

1520 2355 1609 2403 quia
1638 2364 1695 2393 est
1720 2357 1833 2394 simul
1862 2370 1949 2395 cum
1977 2371 2024 2396 eo
2042 2360 2080 2396 in
2100 2360 2238 2398 eodem
2267 2361 2457 2400 subiecto:
2485 2363 2581 2402 siun

1520 2408 1654 2445 dicitur
1668 2410 1771 2459 quod
1787 2410 1915 2447 album
1929 2411 2064 2449 accidit
2078 2413 2237 2461 musico,
2250 2413 2477 2462 inquantum
2491 2426 2584 2454 cen«-

1517 2461 1692 2509 veniunt,
1723 2470 1759 2499 et
1785 2463 2076 2512 quodammodo
2105 2478 2144 2502 se
2175 2466 2408 2516 contingunt,
2433 2468 2473 2506 in
2498 2478 2578 2507 uno

1518 2514 1702 2551 subiecto.
1727 2515 1775 2551 Et
1802 2527 1871 2564 per
1897 2517 1999 2554 hunc
2027 2517 2187 2556 modum
2218 2519 2393 2559 dicuntur
2417 2521 2575 2560 circum-

1518 2567 1675 2604 stantiae
1703 2567 1911 2606 accidentia
1939 2577 2104 2607 actuum.
2428 2601 2431 2603 .

1570 2622 1629 2657 An
1657 2632 1816 2658 Tannum
1839 2633 2023 2660 monimum
2050 2625 2167 2671 quod,
2188 2624 2285 2662 sicut
2309 2625 2452 2663 dictum
2472 2627 2587 2675 «istst,

1518 2673 1693 2710 accidens
1722 2673 1853 2711 dicitur
1872 2675 2055 2712 accidenti
2074 2677 2245 2714 accidere
2264 2686 2420 2727 propter
2438 2678 2586 2717 conve-⁴

1518 2725 1697 2763 nientiam
1718 2726 1756 2763 in
1776 2727 1956 2764 subiecto.
1980 2729 2056 2767 Sed
2075 2729 2150 2766 hoc
2170 2730 2351 2778 contingit
2369 2731 2576 2780 dupliciter.

1518 2779 1604 2816 Uno
1625 2779 1755 2827 mod'o,
1785 2780 1996 2817 secundum
2021 2783 2131 2829 quod
2146 2782 2451 2822 duo-accidentia
2474 2797 2579 2824 com:-

1516 2840 1694 2880 parantur
1722 2832 1769 2870 ad
1797 2845 1918 2870 unum
1949 2833 2335 2885 subiectumabsque
2364 2836 2498 2886 aliquo
2518 2850 2580 2877 ot-

1518 2885 1622 2922 dine:
1651 2885 1746 2922 sicut
1772 2886 1904 2923 album
1924 2894 1960 2924 et
1978 2887 2167 2925 musicum
2186 2888 2236 2925 ad
2256 2889 2467 2927 Socratem.
2490 2890 2577 2927 Alio

1516 2938 1647 2985 mod0‚
1678 2950 1765 2975 cum
1794 2938 1920 2987 aliquo
1949 2939 2099 2977 ordine:
2127 2948 2219 2989 puta
2246 2941 2336 2989 quia
2363 2942 2574 2980 subiectum

1515 2990 1647 3039 recipit
1664 3003 1785 3028 unum
1806 2991 1980 3029 accidens
2004 2993 2076 3029 alio
2096 2993 2301 3040 mediante,
2323 2994 2420 3031 sicut
2438 3006 2575 3044 corpus

1516 3043 1645 3092 recipit
1673 3044 1840 3081 colorem
1868 3045 2059 3082 mediante
2083 3046 2293 3094 superficie.
2315 3047 2364 3084 Et
2382 3047 2435 3084 sic
2453 3059 2574 3085 unum

1515 3096 1689 3133 accidens
1718 3096 1852 3134 dicitur
1875 3097 1984 3134 etiam
2007 3098 2109 3134 alteri
2128 3098 2268 3135 inesse:
2291 3099 2452 3137 dicimus
2471 3100 2574 3138 enim

1515 3150 1682 3186 colorem
1711 3162 1792 3186 esse
1811 3149 1850 3186 in
1869 3150 2079 3198 superficie.
2108 3151 2278 3199 Utroque
2306 3160 2434 3190 autem
2454 3154 2573 3190 modo

1515 3202 1815 3239 circumstantiae
1843 3214 1883 3239 se
1910 3203 2051 3239 habent
2078 3203 2127 3240 ad
2156 3211 2271 3241 actus.
2293 3205 2396 3242 Nam
2425 3205 2572 3254 aliquae

1515 3255 1814 3292 circumstantiae
1842 3254 2036 3292 ordinatae
2064 3255 2113 3293 ad
2142 3265 2281 3304 actum,
2308 3258 2496 3306 pertinent
2522 3258 2572 3296 ad

1513 3315 1687 3355 agentem
1707 3319 1785 3345 non
1803 3312 1815 3328 ⁵
1844 3307 2034 3344 mediante
2063 3316 2159 3356 acm,
2187 3317 2280 3358 puta
2298 3310 2403 3347 locus
2427 3317 2463 3347 et
2482 3323 2570 3347 con-

1514 3360 1604 3397 ditio
1632 3372 1840 3409 personae:
1870 3360 2018 3408 aliquae
2045 3373 2138 3399 vero
2159 3362 2349 3400 mediante
2368 3363 2451 3411 ipso
2471 3371 2567 3411 actu,

1514 3413 1606 3450 sicut
1634 3413 1772 3450 modus
1800 3413 1946 3460 agendi.
2403 3428 2414 3436 ²

458 3527 484 3557 α)
505 3527 537 3551 de
555 3527 711 3551 substantia.
729 3541 748 3545 -
765 3527 881 3551 subiecta
900 3527 927 3550 Ρ.

458 3560 482 3593 β)
503 3562 595 3592 ipsam.
614 3576 631 3580 —
650 3562 733 3593 ipsum
753 3562 995 3586 ABCDEFGHILa.

456 3597 482 3629 γ)
503 3597 685 3622 individualia.
703 3611 720 3615 -
740 3597 878 3621 individua
898 3597 1120 3628 EFGLpCDHsB„
1139 3597 1334 3622 individuantia
1354 3599 1393 3622 ed.
1413 3605 1438 3622 α.

1564 3528 1588 3561 ὃ)
1608 3532 1662 3553 aut.
1680 3543 1699 3548 —
1718 3529 1757 3553 vel
1775 3529 1800 3552 in
1820 3529 1867 3552 Pa.

1564 3565 1585 3595 ε)
1606 3572 1666 3588 non.
1684 3578 1703 3583 —
1721 3564 1781 3588 Om.
1800 3563 2048 3595 AEGHILpBCDG.
2071 3577 2090 3582 -
2118 3563 2167 3588 Pro
2194 3563 2312 3595 aliquae,
2338 3563 2427 3595 aliqua
2456 3563 2567 3588 ABCEG

1511 3599 1589 3623 HKL.

2606 2634 2615 2644 ·
2630 2633 2699 2662 Resp.
2714 2633 2743 2656 ad
2756 2639 2782 2656 2.
