2846 4146
98 526 145 545 tera
155 537 161 544 .

1021 245 1285 290 QUAESTIO
1316 245 1416 291 LIV,
1445 245 1738 281 ARTICULUS
1769 245 1818 280 lV
2424 249 2496 294 345

1008 360 1336 393 Commentariis.
1359 360 1606 393 Cardinalis
1629 359 1827 392 Caietam

366 459 386 479 x
409 449 541 479 articulo
565 456 677 490 quarto
702 450 836 481 dubium
864 452 968 491 primo
997 453 1132 483 occurrit
1159 462 1195 483 ex
1223 452 1334 488 scoto,
1358 453 1391 482 in

98 496 308 544 'Qtpuuquata-
339 461 506 532 IPrologo
530 493 626 523 Primi
649 493 788 524 Sentent.
806 494 832 530 *,
857 495 889 524 in
913 496 1121 536 assignatione
1144 496 1238 535 primi
1261 497 1391 527 subiecti

335 536 470 572 habitus,
495 536 550 567 ubi
572 543 703 568 conatur
726 537 846 568 solvere
869 539 949 569 hanc
971 539 1126 570 rationem
1148 546 1263 571 tactam
1286 540 1336 570 hic
1359 540 1391 570 in

335 579 446 616 littera,
462 580 551 620 quod
567 580 647 610 sicut
662 581 804 620 potentia
818 591 881 611 una
896 583 935 612 ad
951 583 1051 613 multa
1066 593 1099 613 se
1115 583 1251 614 extendit
1264 590 1392 623 propter

337 623 490 654 unitatem
505 624 629 660 obiecti,
649 624 692 654 ita
707 623 842 655 habitus.
867 625 972 666 Inquit
987 626 1072 656 enim
1088 627 1200 657 Scotus
1215 628 1304 667 quod
1319 637 1391 666 pro-

337 667 500 707 portiones
517 667 631 698 obiecti
647 668 686 697 ad
701 668 886 707 potentiam,
903 675 933 699 et
956 670 1069 702 obiecti
1087 671 1126 700 ad
1148 670 1301 706 habitum,
1319 678 1392 701 sunt

336 710 488 741 diversae:
510 720 585 741 nam
606 710 661 741 illa
683 718 729 741 est
751 712 843 742 activi
865 713 904 742 ad
931 713 1109 752 passivum,
1133 714 1190 744 ista
1213 721 1259 744 est
1281 724 1392 744 causae

337 754 376 783 ad
399 753 554 785 effectum.
578 755 687 790 Modo,
711 755 754 786 ita
777 763 822 786 est
845 757 933 796 quod
956 757 988 786 in
1012 757 1239 798 quodcumque
1263 767 1391 797 passum

337 803 442 837 potest
457 797 586 838 aliquod
609 808 714 837 agens,
732 806 836 838 potest
859 809 955 830 omne
971 800 1112 830 eiusdem
1135 801 1262 831 rationis
1285 811 1391 841 agens.

336 840 441 871 Prima
462 840 557 880 igitur
571 848 706 872 extrema
731 843 945 883 proportionis
961 844 1053 874 activi
1076 844 1115 874 ad
1132 845 1301 884 passivum,
1318 852 1392 875 sunt

337 884 521 915 communia
550 885 590 914 ad
620 886 728 916 omnia
760 897 815 926 per
838 896 870 917 se
894 894 1030 917 extrema
1052 887 1135 917 illius
1158 888 1390 927 proportionis:

337 937 411 958 nam
434 928 514 958 inter
527 928 581 958 illa
602 929 863 960 communissima
884 937 930 961 est
949 930 1152 971 adaequatio;
1173 932 1248 971 quia
1263 931 1295 961 in
1312 942 1392 972 quo-

337 981 475 1012 cumque
498 979 544 1003 est
566 972 645 1004 ratio
669 973 778 1010 unius,
804 973 928 1013 respicit
951 974 1178 1015 quodcumque
1200 974 1233 1005 in
1257 985 1323 1015 quo
1347 982 1393 1006 est

337 1015 416 1046 ratio
447 1015 582 1046 alterius.
609 1016 670 1047 Sed
694 1017 795 1057 prima
819 1024 954 1048 extrema
978 1027 1089 1048 causae
1112 1025 1142 1048 et
1172 1018 1297 1049 effectus
1327 1029 1392 1049 non

337 1065 412 1090 sunt
435 1059 712 1090 communissima:
735 1060 810 1101 quia
833 1061 913 1091 inter
935 1061 989 1091 illa
1019 1071 1085 1091 non
1110 1068 1156 1092 est
1187 1062 1391 1102 adaequatio;

337 1112 404 1133 non
427 1103 512 1133 enim
536 1104 686 1144 sequitur,
713 1104 739 1134 si
762 1114 934 1135 commune
957 1111 1061 1145 potest
1085 1115 1210 1136 causare
1234 1106 1391 1143 habitum,

337 1146 427 1186 quod
449 1147 584 1187 speciale
607 1147 717 1187 possit.

392 1191 443 1220 Ad
465 1191 527 1221 hoc
550 1191 621 1221 dico
652 1192 741 1232 quod
763 1191 862 1221 miror
883 1191 973 1222 valde
1003 1192 1041 1222 de
1071 1193 1133 1222 hoc
1159 1192 1236 1223 viro.
1261 1193 1394 1224 Constat

337 1233 423 1264 enim
446 1234 614 1264 clarissime
637 1235 726 1276 quod
753 1235 975 1275 proportiones
1005 1235 1081 1266 istae
1111 1243 1256 1272 currunt,
1286 1238 1393 1277 quoad

337 1278 600 1318 adaequationem
614 1285 645 1309 et
663 1288 885 1318 quaecumque
908 1278 1080 1315 nominata,
1105 1279 1171 1319 pari
1195 1289 1298 1319 passu.
1321 1281 1393 1317 Qua

338 1321 423 1351 enim
445 1321 567 1351 ratione
589 1321 727 1352 activum
755 1328 785 1352 et
812 1322 973 1361 passivum
996 1322 1039 1352 sic
1062 1332 1094 1352 se
1125 1322 1268 1358 habent,
1282 1324 1392 1354 eadem

335 1364 456 1395 ratione
479 1374 573 1395 causa
596 1371 626 1394 et
655 1363 793 1395 effectus.
817 1365 1062 1405 Quemcumque
1085 1375 1223 1405 namque
1247 1366 1392 1397 effectum

336 1414 441 1447 potest
464 1416 591 1447 causare
614 1407 719 1448 aliqua
743 1417 844 1443 causa,
862 1414 966 1447 potest
989 1408 1131 1438 eiusdem
1155 1409 1283 1439 rationis
1300 1420 1393 1440 causa

279 1466 282 1467 ν
335 1448 527 1491 producere,
554 1457 585 1481 et
607 1460 624 1481 e
649 1459 815 1481 converso:
841 1457 872 1481 et
894 1460 960 1480 non
983 1451 1090 1481 minus
1112 1452 1246 1491 speciale
1270 1452 1303 1482 in
1327 1463 1392 1493 quo

336 1494 473 1525 salvatur
495 1494 573 1524 ratio
598 1494 788 1530 communis,
816 1500 920 1534 potest
942 1494 1117 1534 producere
1141 1495 1286 1525 effectum
1309 1496 1393 1527 illius

310 1552 312 1554 v
337 1538 527 1574 communis,
547 1540 645 1578 quam
668 1537 769 1578 possit
792 1547 882 1578 agere
895 1537 929 1567 in
945 1547 1076 1577 passum
1093 1538 1177 1569 illius
1201 1540 1392 1570 communis.

335 1581 410 1612 Non
423 1581 517 1612 video
541 1582 709 1622 quomodo
730 1581 770 1612 sit
790 1581 996 1621 intelligibile,
1013 1591 1088 1612 cum
1105 1582 1243 1612 activum
1267 1593 1393 1623 respon-

337 1625 408 1656 deat
423 1624 546 1657 effectui
565 1631 595 1656 et
609 1625 750 1666 patienti,
769 1631 799 1656 et
821 1635 877 1666 per
891 1625 953 1655 hoc
968 1626 1157 1665 respondeat
1172 1626 1302 1666 patienti
1318 1627 1393 1667 quia

337 1669 401 1709 agit
415 1669 449 1700 in
472 1679 511 1700 eo
527 1679 623 1700 suum
637 1669 797 1705 effectum;
814 1669 903 1710 quod
922 1675 1059 1699 extrema
1070 1670 1286 1710 proportionis
1302 1671 1392 1701 activi

336 1713 376 1744 ad
399 1713 560 1753 passivum
590 1713 820 1754 adaequentur,
844 1719 876 1743 et
897 1712 989 1744 activi
1018 1719 1052 1750 et,
1071 1713 1196 1744 effectus
1227 1723 1303 1744 non.
1328 1714 1395 1745 Stat

336 1765 411 1796 ergo
427 1756 529 1787 solida
539 1757 620 1788 ratio
631 1757 760 1792 litterae,
773 1757 862 1797 quod
874 1756 949 1798 quia
957 1756 1115 1797 perfectio
1128 1759 1395 1798 proportionatur

329 1799 537 1842 persoefibili,
562 1807 620 1831 etc.

389 1843 427 1875 11.
447 1844 483 1874 In
506 1845 621 1875 eodem
635 1850 748 1884 quarto
773 1843 903 1875 articulo
919 1843 1053 1875 dubium
1076 1844 1186 1875 tritum
1201 1845 1337 1876 occurrit
1356 1846 1394 1876 de

335 1887 444 1920 habitu
468 1887 624 1924 scientiae,
641 1888 731 1928 quod
745 1888 883 1927 tangitur
901 1887 934 1918 in
957 1888 1163 1928 responsione
1187 1889 1226 1919 ad
1249 1889 1391 1920 tertium:

335 1932 503 1972 quomodo
532 1930 673 1973 salvatur,
697 1932 784 1972 quod
808 1931 848 1962 sit
870 1942 934 1962 una
956 1932 1090 1972 qualitas
1113 1932 1255 1972 simplex.
1284 1933 1326 1964 Et
1349 1940 1395 1964 est

336 1975 479 2016 quaestio
502 1975 561 2006 ista
585 1982 615 2006 et
638 1985 712 2006 cum
743 1975 908 2012 extraneis,
934 1982 965 2006 et
992 1986 1065 2006 cum
1089 1976 1275 2007 Thomistis.
1309 1976 1394 2007 Cum

299 2052 303 2055 ,
335 2019 512 2050 Thomistis
527 2019 669 2060 quidem,
693 2019 768 2060 quia
789 2019 920 2060 quidam
936 2029 1049 2050 eorum
1072 2020 1246 2051 attribuunt
1265 2031 1289 2051 s.
1306 2021 1394 2051 Tho-

335 2072 408 2094 mae
430 2063 519 2104 quod
541 2063 698 2103 putaverit
718 2063 863 2094 habitum
886 2063 1032 2094 scientiae
1056 2073 1122 2094 esse
1145 2064 1303 2094 ordinatas
1326 2075 1395 2105 spe-

337 2106 398 2138 cies
421 2106 631 2147 intelligibiles
653 2107 693 2137 ad
715 2117 814 2138 unam
833 2106 1000 2147 formalem
1023 2108 1178 2138 rationem
1201 2108 1315 2139 obiecti
1337 2108 1395 2139 sci-

336 2150 424 2182 bilis:
444 2151 575 2192 quidam
598 2157 714 2187 autem,
739 2161 805 2181 esse
821 2150 998 2191 simplicem
1021 2152 1207 2192 qualitatem
1229 2152 1395 2183 habilitan-

335 2201 400 2226 tem
415 2195 456 2225 ad
471 2204 566 2225 usum
575 2194 703 2225 illarum
716 2194 903 2234 specierum.
914 2212 934 2217 —
950 2194 1036 2226 Cum
1051 2195 1118 2226 aliis
1132 2205 1217 2232 vero,
1234 2197 1313 2226 dum
1329 2206 1395 2226 non

337 2238 492 2269 sustinent
510 2238 653 2269 habitum
669 2238 876 2270 scientificum
892 2248 995 2269 unum
1010 2239 1186 2270 secundum
1209 2239 1347 2280 speciem
1366 2246 1396 2271 et

336 2281 523 2322 simplicem,
541 2282 705 2313 extendere
727 2292 760 2312 se
783 2282 823 2312 ad
845 2288 894 2313 tot
915 2292 1022 2313 rerum
1044 2290 1171 2314 naturas
1185 2291 1265 2323 quot
1283 2283 1316 2313 in
1332 2293 1396 2314 una

337 2325 467 2357 scientia
488 2325 611 2357 tractari
634 2325 797 2366 contingit.

391 2369 444 2400 111.
459 2369 646 2400 Thomistae
660 2369 755 2409 igitur
777 2376 918 2400 tenentes
940 2369 1086 2401 habitum
1106 2369 1313 2401 scientificum
1328 2380 1396 2401 esse

336 2413 455 2454 speeies
478 2413 636 2444 ordinatas
658 2420 736 2449 etc.,
759 2422 855 2453 super
885 2414 1122 2444 auctoritatibus
1151 2425 1176 2444 s.
1193 2414 1340 2445 Thomae
1363 2424 1396 2445 se

335 2456 480 2488 fundant.
504 2457 652 2494 Quarum
665 2457 853 2497 praecipuae
867 2464 942 2488 sunt
957 2467 994 2487 ex
1009 2457 1071 2488 hoc
1085 2457 1180 2488 Libro
1204 2464 1274 2489 tres.
1290 2458 1395 2488 Prima

337 2507 383 2533 est
405 2511 442 2532 ex
465 2510 520 2542 qu.
535 2511 588 2537 ur,
605 2507 662 2532 art.
679 2510 707 2537 2,
727 2501 783 2531 ubi
806 2503 929 2531 Auctor
949 2501 1019 2531 vult
1034 2501 1123 2542 quod
1145 2502 1277 2532 scientia
1295 2511 1396 2543 auge-

337 2549 392 2576 tur
411 2544 586 2576 secundum
615 2553 651 2575 se
673 2554 738 2585 per
766 2544 968 2575 additionem.
996 2545 1044 2574 Ex
1074 2555 1137 2585 qua
1167 2545 1308 2585 arguitur
1340 2545 1393 2576 sic.

288 2606 292 2610 ·
337 2588 475 2619 Scientia
496 2588 673 2618 secundum
701 2598 734 2618 se
760 2594 892 2627 augetur
915 2597 971 2627 per
994 2588 1203 2618 additionem:
1229 2597 1302 2628 ergo
1331 2588 1391 2628 ipsi

337 2631 514 2663 secundum
537 2641 570 2662 se
597 2631 717 2671 aliquid
745 2631 879 2661 additur.
902 2631 965 2661 Sed
987 2640 1053 2661 non
1081 2631 1140 2661 nisi
1171 2641 1254 2662 nova
1277 2631 1395 2671 species

335 2674 549 2714 intelligibilis.
564 2674 649 2714 Ergo
673 2675 792 2715 species
814 2674 1017 2714 intelligibilis
1039 2681 1159 2714 spectat
1188 2675 1228 2704 ad
1250 2674 1395 2705 habitua-

336 2719 402 2749 lem
425 2718 588 2749 scientiam
609 2718 642 2748 in
665 2718 776 2758 seipsa.
791 2736 812 2741 —
829 2718 973 2748 Secunda
996 2724 1042 2748 est
1064 2728 1100 2748 ex
1123 2728 1177 2759 qu.
1193 2729 1267 2754 va,
1287 2725 1344 2749 art.
1367 2729 1393 2754 1,

337 2763 377 2793 ad
397 2773 424 2798 1,
439 2762 494 2792 ubi
509 2762 578 2792 vult
593 2762 682 2802 quod
696 2767 859 2803 geometer
876 2762 998 2792 modico
1013 2762 1118 2792 studio
1141 2763 1277 2803 acquirit
1294 2764 1395 2793 scien-

337 2807 414 2837 tiam
438 2805 650 2836 conclusionis
678 2815 775 2846 quam
799 2815 962 2845 nunquam
993 2806 1225 2843 consideravit,
1257 2812 1314 2837 etc.
1347 2806 1395 2836 Ex

336 2850 399 2881 hoc
426 2849 568 2890 arguitur
589 2849 678 2890 quod
701 2849 821 2890 aliquid
843 2859 965 2879 novum
988 2849 1159 2890 acquiritur
1181 2849 1309 2880 modico
1331 2856 1395 2881 stu-

337 2893 403 2924 dio.
417 2911 439 2916 -
454 2893 563 2924 Tertia
587 2899 634 2924 est
654 2902 691 2923 ex
709 2903 762 2934 qu.
785 2903 883 2928 van,
907 2899 962 2923 art.
985 2902 1020 2931 2,
1044 2893 1099 2924 ubi
1121 2893 1189 2924 vult
1212 2894 1300 2934 quod
1324 2903 1394 2934 spe-

338 2937 399 2968 cies
421 2936 632 2977 intelligibiles
648 2946 681 2967 se
696 2937 812 2967 habent
827 2937 867 2966 ad
882 2935 1046 2967 scientiam
1059 2943 1095 2967 ut
1109 2936 1270 2974 formales,
1295 2937 1394 2977 phan-

336 2987 470 3012 tasmata
483 2987 591 3011 autem
605 2987 641 3011 ut
656 2980 836 3011 materialia.
849 2980 896 3010 Ex
911 2980 973 3010 hoc
988 2980 1145 3020 arguitur:
1165 2980 1250 3021 Ergo
1267 2980 1395 3011 scientia

337 3024 512 3056 formaliter
533 3031 580 3055 est
600 3024 687 3064 ipsae
711 3024 828 3064 species
851 3023 1070 3063 intelligibiles.

390 3069 438 3099 Ex
451 3068 559 3099 Tertia
573 3069 663 3099 Parte
679 3067 805 3099 affertur
820 3074 877 3098 art.
896 3077 915 3097 2
931 3067 1124 3108 quaestionis
1136 3077 1188 3104 xn,
1202 3067 1256 3098 ubi
1270 3069 1395 3099 Auctor

337 3122 479 3153 expresse
494 3112 564 3143 vult
579 3111 742 3143 scientiam
754 3111 860 3151 augeri
870 3121 926 3151 per
937 3111 1145 3142 successivam
1159 3111 1394 3151 generationem

337 3156 514 3196 specierum
536 3155 797 3195 intelligibilium:
822 3161 853 3186 et
874 3161 967 3185 vocat
981 3155 1043 3185 hoc
1057 3160 1267 3195 augmentum
1283 3164 1395 3186 secun-

337 3201 412 3231 dum
437 3201 604 3230 essentiam
629 3200 729 3240 ipsius
751 3199 876 3230 habitus
897 3199 1058 3236 scientiae,
1075 3205 1132 3229 etc.

392 3244 439 3274 Ex
455 3243 702 3281 Quaestionibus
715 3243 756 3274 de
775 3243 926 3280 Veritate,
944 3252 998 3283 qu.
1014 3252 1079 3279 vm,
1095 3248 1150 3273 art.
1172 3242 1220 3278 16,
1237 3242 1276 3272 ad
1290 3251 1322 3281 4,
1337 3242 1392 3273 ubi

337 3287 412 3319 dicit
434 3287 523 3328 quod
547 3297 613 3318 una
636 3292 702 3318 tota
717 3288 850 3318 scientia
872 3287 1108 3327 comprehendit
1120 3286 1180 3317 sub
1201 3295 1235 3317 se
1250 3285 1393 3317 diversas

335 3333 486 3363 scientias
496 3331 726 3371 particulares,
741 3331 854 3371 quibus
877 3330 1093 3361 conclusiones
1115 3330 1260 3361 diversae
1276 3339 1393 3371 cogno-

335 3381 480 3407 scantur.
495 3393 517 3398 -
533 3375 574 3406 Et
596 3375 628 3405 in
647 3385 703 3415 qu.
718 3384 799 3411 xx1v,
823 3381 879 3405 art.
895 3383 926 3413 4,
950 3374 991 3404 ad
1014 3385 1044 3414 9,
1065 3374 1120 3404 ubi
1141 3373 1216 3404 dicit
1238 3374 1326 3414 quod
1342 3382 1393 3404 or-

336 3420 458 3451 dinatio
481 3419 632 3460 aliqualis
646 3419 822 3459 specierum
845 3418 1092 3459 intelligibilium
1100 3417 1187 3458 facit
1204 3417 1356 3448 habitum.
1371 3435 1393 3441 —

335 3463 377 3495 Et
399 3463 432 3494 in
455 3473 509 3504 qu.
526 3473 556 3500 x,
572 3469 628 3494 art.
650 3472 679 3499 2,
695 3463 850 3503 approbat
871 3462 957 3492 viam
980 3462 1152 3493 dicentium
1168 3461 1256 3502 quod
1276 3459 1394 3501 species

337 3515 562 3539 conservantur
588 3507 621 3537 in
644 3506 821 3542 intellectu,
850 3515 987 3546 quarum
1015 3505 1174 3537 ordinatio
1199 3510 1246 3536 est
1268 3505 1395 3536 habitus

336 3552 497 3583 scientiae.

478 3609 587 3633 Summa
605 3607 706 3632 Tnaor..
725 3607 756 3631 D.
775 3607 889 3631 Tnomn
907 3606 939 3631 T.
958 3606 998 3631 111.

1501 453 1549 482 Ex
1572 452 1612 482 111
1636 461 1766 492 quoque
1789 451 1887 488 Sem„
1912 452 1981 482 dist.
2005 462 2066 487 xrv,
2091 459 2145 482 art.
2173 453 2200 488 3,
2222 459 2277 492 qu*
2301 463 2332 492 4,
2355 454 2409 484 ubi
2432 455 2500 485 vult

1447 496 1535 535 quod
1558 495 1686 526 scientia
1700 494 1805 525 infusa
1824 495 1946 525 animae
1964 494 2080 526 Christi
2099 495 2138 526 sit
2154 505 2236 526 unus
2260 496 2394 533 habitus,
2411 505 2441 528 et
2456 505 2499 528 ta—

1446 549 1520 569 men
1544 539 1663 570 multae
1687 538 1815 578 species.

1500 583 1552 614 IV.
1576 582 1724 612 Aliorum
1747 588 1854 612 autem
1877 581 2012 612 occurrit
2034 581 2066 611 in
2090 581 2199 621 primis
2222 583 2380 613 Aureolus
2397 583 2424 619 *,
2449 584 2500 614 de-

1445 626 1518 656 inde
1535 626 1704 666 Gregorius
1720 626 1758 656 de
1774 625 1930 661 Arimino,
1946 625 1979 655 in
2001 625 2139 664 prologo
2159 625 2255 655 Primi
2270 626 2368 663 Sent„
2385 636 2440 666 qu.
2457 637 2499 663 111,

1446 676 1502 700 art.
1524 680 1533 699 1
1562 670 1593 705 *‚
1618 669 1760 709 pluribus
1783 669 1966 699 rationibus.
1990 669 2107 704 Primo,
2129 678 2166 698 ex
2189 675 2275 708 parte
2298 670 2499 709 operationis.

1447 713 1531 750 Quia
1554 720 1736 753 sequeretur
1749 713 1838 753 quod
1860 713 1978 743 habens
1997 712 2140 742 habitum
2159 712 2364 743 scientificum
2383 713 2501 753 primae

1447 756 1659 786 conclusionis
1689 756 1721 786 in
1749 756 1937 796 geometria,
1962 763 2069 796 posset
2092 756 2173 786 exire
2196 756 2229 785 in
2253 763 2358 786 actum
2382 757 2498 787 sciendi

1451 806 1567 830 ceteras
1589 800 1778 839 geometriae
1793 800 2021 835 conclusiones,
2038 809 2117 840 quas
2139 809 2304 840 nunquam
2328 800 2501 830 considera-

1446 843 1500 873 vit.
1525 843 1597 873 Hoc
1621 850 1667 873 est
1690 843 1814 874 falsum.
1838 843 1932 883 Ergo.
1952 861 1973 866 —
1997 844 2150 874 Probatur
2179 843 2315 883 sequela.
2339 844 2423 880 Quia
2447 844 2501 874 ha-

1448 886 1530 917 bitus
1554 886 1699 917 scientiae
1722 887 1841 926 primae
1865 887 2088 923 conclusionis,
2113 896 2169 926 per
2191 893 2237 923 te,
2262 894 2292 917 et
2318 887 2442 917 habitus
2465 897 2500 917 o-

1447 930 1572 960 mnium
1595 930 1796 970 reliquarum,
1821 937 1894 960 sunt
1920 930 2061 961 eiusdem
2092 930 2220 960 rationis
2244 930 2499 970 specialissimae;

1447 973 1519 1004 licet
1542 973 1683 1004 differant
1706 974 1881 1004 secundum
1904 974 2077 1013 perfectum
2101 980 2132 1004 et
2158 974 2389 1014 imperfectum.
2414 975 2499 1005 Con-

1448 1023 1507 1047 stat
1536 1023 1643 1047 autem
1675 1017 1763 1057 quod
1794 1017 1827 1047 in
1859 1027 2095 1058 quemcumque
2128 1024 2234 1048 actum
2263 1025 2367 1057 potest
2396 1018 2501 1059 aliqua

1448 1060 1564 1096 forma,
1588 1067 1692 1100 potest
1719 1061 1876 1100 quaelibet
1899 1060 2039 1091 eiusdem
2062 1061 2190 1091 rationis
2214 1061 2464 1100 specialissimae.
2479 1080 2500 1086 -

1446 1105 1511 1134 Nec
1534 1105 1625 1140 valet,
1649 1104 1752 1144 inquit
1775 1104 1954 1144 Gregorius,
1980 1104 2005 1134 si
2029 1104 2149 1135 dicatur
2171 1105 2258 1145 quod
2282 1105 2340 1136 ista
2364 1106 2500 1136 maxima

1448 1155 1532 1178 tenet
1555 1148 1661 1178 solum
1682 1148 1716 1177 in
1739 1147 1849 1177 formis
1873 1147 2014 1177 eiusdem
2036 1147 2165 1178 rationis
2184 1154 2214 1178 et
2230 1158 2329 1188 aeque
2345 1149 2498 1188 perfectis.

1449 1191 1532 1228 Quia
1556 1191 1726 1221 differentia
1749 1191 1924 1221 secundum
1943 1190 2116 1231 perfectum
2133 1198 2163 1221 et
2185 1191 2415 1231 imperfectum,
2435 1203 2500 1223 non

1447 1235 1531 1265 tollit
1567 1241 1620 1265 aut
1648 1235 1701 1265 dat
1728 1235 1934 1265 substantiam
1965 1234 2114 1270 actionis,
2139 1234 2193 1264 sed
2222 1235 2319 1265 variat
2345 1236 2501 1266 actionem

1448 1278 1540 1308 etiam
1560 1278 1736 1309 secundum
1751 1278 1924 1318 perfectum
1940 1285 1970 1308 et
1988 1278 2222 1317 imperfectum:
2247 1278 2398 1309 minimus
2417 1280 2502 1309 enim

1449 1322 1533 1352 calor
1561 1329 1664 1361 potest
1687 1321 1853 1352 calefacere
1876 1328 1906 1352 et
1929 1322 2090 1359 exsiccare,
2114 1322 2259 1362 quamvis
2282 1331 2346 1352 non
2370 1322 2412 1352 ita
2433 1333 2500 1362 per-

1448 1365 1525 1395 fecte
1562 1365 1642 1396 sicut
1673 1365 1814 1395 intensus
1844 1365 1938 1395 calor.
1966 1383 1987 1388 —
2017 1366 2058 1395 Et
2084 1365 2287 1395 confirmatur
2318 1366 2501 1397 auctoritate

1447 1409 1608 1444 Averrois,
1634 1409 1645 1438 I
1672 1408 1779 1445 Caeli,
1805 1415 1976 1439 comment.
1996 1419 2065 1444 xxx,
2090 1416 2120 1439 et
2150 1409 2183 1438 in
2214 1409 2254 1438 111
2281 1409 2390 1447 Caeli,
2415 1419 2501 1440 com-

1448 1458 1545 1482 ment.
1565 1461 1655 1487 Lxxn,
1681 1461 1822 1491 expresse
1846 1452 1975 1482 dicentis
1998 1453 2087 1492 quod
2106 1452 2158 1482 ubi
2181 1458 2228 1482 est
2249 1453 2358 1483 eadem
2373 1453 2501 1493 forma,

1448 1499 1495 1524 est
1517 1495 1626 1524 eadem
1650 1496 1732 1525 actio
1755 1495 1927 1525 secundum
1950 1497 2096 1534 speciem,
2121 1496 2193 1525 licet
2211 1497 2316 1536 magis
2333 1497 2382 1526 vel
2397 1498 2503 1527 minus

1442 1537 1600 1578 perfecta.

1503 1581 1667 1616 Secundo,
1692 1591 1729 1611 ex
1752 1587 1838 1620 parte
1860 1581 2079 1620 generationis.
2102 1582 2185 1618 Quia
2207 1582 2331 1612 habitus
2355 1583 2503 1614 habentes

1449 1624 1584 1654 diversas
1613 1624 1847 1664 generationes,
1873 1625 2106 1664 corruptiones,
2129 1625 2321 1655 intensiones
2344 1633 2374 1656 et
2396 1627 2503 1657 remis-

1449 1668 1565 1703 siones,
1585 1674 1659 1698 sunt
1682 1667 1803 1698 diversi.
1828 1667 1889 1698 Sed
1912 1675 2053 1707 respectu
2071 1668 2188 1707 primae
2204 1669 2415 1699 conclusionis
2431 1680 2503 1709 geo-

1449 1711 1578 1742 metriae
1601 1718 1632 1741 et
1655 1711 1856 1747 centesimae,
1881 1711 2005 1742 habitus
2029 1711 2187 1741 scientifici
2215 1719 2288 1742 sunt
2309 1712 2504 1743 huiusmodi.

1448 1756 1543 1795 Ergo.
1554 1755 1697 1790 -Minor,
1715 1755 1823 1795 quoad
1838 1755 2049 1786 intensionem
2065 1761 2095 1785 et
2110 1755 2336 1792 remissionem,
2350 1762 2396 1786 est
2415 1757 2503 1787 clara.

1449 1799 1566 1836 Quoad
1581 1798 1828 1838 corruptionem,
1842 1805 1927 1838 patet
1942 1808 1979 1829 ex
1994 1798 2154 1828 oblivione
2170 1799 2356 1829 centesimae
2372 1799 2505 1830 demon-

1449 1843 1616 1879 strationis,
1634 1852 1689 1872 seu
1706 1842 1810 1878 medii,
1823 1849 1923 1873 stante
1938 1842 2049 1882 prima.
2063 1842 2104 1873 Et
2118 1850 2194 1873 tunc
2210 1849 2295 1882 patet
2308 1844 2396 1884 quod
2412 1853 2505 1884 opor-

1449 1887 1526 1918 tebit
1547 1886 1783 1927 generationem
1806 1886 1898 1916 aliam
1922 1885 1998 1916 fieri.

1503 1931 1624 1966 Tertio,
1642 1940 1678 1960 ex
1692 1937 1779 1970 parte
1794 1930 2069 1970 augmentationis,
2087 1929 2222 1960 Habitus
2237 1930 2436 1970 geometriae,
2448 1941 2504 1970 per

1447 1985 1514 2011 vos,
1536 1974 1701 2015 dupliciter
1723 1980 1868 2013 augetur:
1893 1974 2008 2004 scilicet
2023 1983 2079 2014 per
2094 1980 2181 2004 actus
2197 1973 2410 2014 frequentatos
2427 1975 2505 2005 circa

1447 2019 1581 2049 eandem
1607 2017 1860 2054 conclusionem;
1884 2024 1914 2048 et
1937 2027 1993 2058 per
2015 2024 2102 2048 actus
2126 2017 2205 2047 circa
2229 2017 2362 2048 diversas
2385 2028 2506 2048 succes-

1447 2062 1512 2092 sive
1547 2061 1774 2093 conclusiones.
1801 2064 1867 2092 Aut
1895 2071 1969 2101 ergo
1999 2061 2061 2092 hoc
2095 2061 2212 2101 duplici
2243 2062 2506 2101 augmentationis

1448 2106 1547 2136 modo
1561 2105 1732 2146 acquiritur
1748 2105 1868 2136 diversa
1883 2105 2060 2136 secundum
2075 2105 2212 2145 speciem
2236 2105 2346 2136 entitas
2362 2106 2505 2136 absoluta

1448 2150 1479 2180 in
1495 2149 1551 2180 illo
1575 2149 1694 2185 habitu,
1711 2156 1766 2179 aut
1789 2149 1908 2180 eadem.
1926 2149 1958 2180 Si
1982 2149 2111 2185 diversa,
2129 2158 2202 2188 ergo
2218 2149 2342 2179 habitus
2365 2149 2416 2179 ille
2439 2159 2505 2180 non

1449 2200 1495 2224 est
1523 2193 1656 2233 simplex
1686 2192 1829 2233 qualitas.
1860 2192 1893 2223 Si
1917 2193 2043 2229 eadem,
2073 2202 2147 2232 ergo
2175 2193 2238 2223 sive
2265 2193 2327 2223 hoc
2359 2193 2422 2223 sive
2450 2193 2505 2223 illo

1449 2238 1548 2268 modo
1572 2243 1746 2277 generetur,
1769 2237 1809 2267 ad
1832 2236 1918 2267 idem
1932 2236 2115 2267 inclinabit:
2138 2236 2218 2267 sicut
2236 2236 2310 2277 quia
2325 2237 2410 2267 calor
2426 2237 2506 2267 eius-

1450 2282 1523 2311 dem
1534 2281 1664 2311 rationis
1680 2290 1747 2310 rem
1763 2280 1894 2320 suscipit
1909 2281 2217 2321 quomodocumque
2232 2280 2420 2316 intendatur,
2433 2281 2505 2311 ideo

1450 2325 1514 2355 sive
1537 2335 1555 2355 a
1585 2325 1651 2355 sole
1680 2324 1744 2354 sive
1774 2324 1813 2354 ab
1840 2324 1913 2364 igne
1940 2325 2137 2360 intendatur,
2160 2324 2193 2353 in
2221 2323 2306 2354 idem
2334 2331 2438 2364 potest
2460 2324 2506 2354 in-

1449 2375 1566 2400 tensus.
1590 2369 1632 2399 Et
1654 2374 1731 2398 tunc
1754 2367 1897 2408 sequitur
1919 2375 1949 2399 et
1972 2368 2060 2408 quod
2084 2367 2285 2408 frequentans
2315 2374 2402 2398 actus
2425 2367 2506 2398 circa

1449 2413 1586 2453 primam
1609 2411 1864 2448 conclusionem,
1890 2412 2031 2452 acquirat
2053 2421 2108 2442 seu
2133 2411 2248 2442 formet
2271 2411 2415 2442 notitiam
2437 2421 2506 2442 cen-

1449 2457 1596 2492 tesimae;
1620 2462 1651 2486 et
1673 2456 1762 2496 quod
1785 2456 2004 2486 demonstrans
2029 2455 2234 2486 centesimam
2257 2455 2505 2490 conclusionem,

1448 2500 1590 2531 intendat
1612 2499 1759 2530 notitiam
1781 2499 1911 2538 primae.

1504 2543 1636 2580 Quarto,
1653 2552 1690 2573 ex
1704 2549 1791 2582 parte
1806 2542 2039 2582 oppositorum.
2055 2542 2139 2579 Quia
2155 2541 2282 2571 scientia
2297 2541 2417 2580 primae
2432 2551 2506 2571 con-

1449 2586 1600 2617 clusionis
1624 2596 1690 2616 non
1709 2585 1884 2626 opponitur
1905 2585 2110 2625 ignorantiae,
2128 2585 2221 2615 etiam
2243 2594 2357 2624 pravae
2373 2585 2506 2624 disposi-

1448 2630 1544 2660 tionis
1566 2636 1632 2660 tam
1656 2629 1785 2660 actualis
1801 2638 1897 2669 quam
1916 2628 2092 2664 habitualis,
2110 2628 2312 2658 centesimae:
2333 2628 2408 2668 quia
2424 2634 2507 2658 stant

1448 2673 1544 2704 simul
1573 2673 1606 2703 in
1635 2673 1764 2708 eodem,
1790 2679 1826 2703 ut
1848 2678 1943 2712 patet.
1973 2672 2058 2712 Ergo
2082 2682 2148 2702 non
2171 2677 2217 2701 est
2241 2672 2350 2701 eadem
2373 2671 2505 2711 simplex

1448 2717 1582 2758 qualitas
1605 2716 1730 2747 habitus
1754 2716 1927 2756 utriusque.
1951 2733 1971 2738 -
1993 2716 2080 2746 Patet
2107 2715 2249 2756 sequela:
2274 2715 2348 2756 quia
2377 2715 2505 2745 eaedem

1448 2761 1612 2801 qualitates
1636 2761 1812 2790 secundum
1844 2760 1996 2799 speciem,
2021 2759 2138 2790 habent
2160 2759 2292 2789 eandem
2321 2759 2506 2799 qualitatem

1448 2805 1625 2835 secundum
1647 2803 1785 2844 speciem
1809 2803 2007 2839 contrariam,
2031 2809 2088 2834 etc.

1503 2849 1542 2879 V.
1565 2848 1616 2878 Ad
1640 2847 1828 2878 evidentiam
1854 2847 1950 2877 huius
1973 2846 2174 2883 difficultatis,
2197 2855 2295 2886 quam
2318 2845 2504 2876 Thomistae

1448 2892 1541 2923 multi
1564 2891 1671 2931 fugere
1693 2891 1848 2926 videntur,
1873 2890 2009 2921 dicentes
2028 2890 2139 2920 divum
2153 2889 2315 2919 Thomam
2333 2890 2432 2919 modo
2451 2889 2504 2919 de-

1449 2936 1562 2966 clinare
1590 2935 1623 2965 in
1651 2945 1763 2971 unam,
1787 2934 1887 2964 modo
1914 2934 1947 2964 in
1975 2934 2105 2964 alteram
2127 2932 2329 2973 opinionem,
2353 2932 2448 2964 etiam
2470 2933 2503 2963 in

1447 2979 1506 3010 hac
1528 2979 1633 3009 Prima
1656 2978 1827 3014 Secundae,
1852 2984 1882 3008 et
1904 2977 2003 3017 magis
2027 2977 2181 3007 declinare
2203 2976 2236 3006 in
2255 2976 2440 3016 opinionem
2458 2976 2504 3006 di-

1449 3029 1571 3054 centem
1586 3022 1729 3053 habitum
1741 3021 1887 3052 scientiae
1899 3030 1966 3051 esse
1980 3020 2136 3051 ordinatas
2149 3019 2266 3060 species
2275 3019 2306 3050 *z
2321 3019 2399 3050 scito
2415 3021 2503 3060 quod

1448 3066 1601 3097 sententia
1624 3065 1687 3095 divi
1709 3065 1855 3096 Thomae
1879 3071 1926 3095 est
1948 3065 2036 3105 quod
2058 3064 2183 3095 habitus
2206 3063 2352 3094 scientiae
2368 3070 2415 3094 est
2429 3063 2502 3094 sim-

1448 3110 1520 3151 plex
1542 3109 1678 3150 qualitas
1700 3109 1868 3140 extendens
1887 3118 1919 3139 se
1933 3109 1973 3138 ad
1988 3117 2100 3138 omnes
2119 3107 2338 3138 conclusiones
2362 3114 2502 3148 spectan-

1448 3161 1494 3185 tes
1517 3154 1557 3184 ad
1584 3153 1717 3183 eandem
1747 3153 1902 3183 rationem
1929 3151 2186 3193 specialissimam
2215 3151 2274 3182 sub
2302 3151 2363 3182 hoc
2389 3160 2502 3191 genere

1448 3198 1536 3239 quod
1560 3203 1606 3227 est
1629 3196 1744 3227 scibile.
1768 3195 1830 3227 Ubi
1853 3202 1991 3236 quatuor
2013 3195 2147 3225 videnda
2170 3202 2256 3226 sunt:
2281 3195 2396 3235 primo,
2413 3195 2502 3235 quod

1447 3241 1572 3272 habitus
1588 3240 1733 3271 scientiae
1748 3246 1795 3270 est
1808 3239 1942 3280 simplex
1957 3239 2091 3280 qualitas
2102 3238 2136 3275 *;
2161 3239 2310 3275 secundo,
2334 3239 2501 3278 quomodo
2527 3245 2535 3253 ·

1449 3295 1481 3316 se
1495 3285 1591 3315 habet
1605 3284 1644 3314 ad
1665 3283 1740 3314 scire
1763 3283 1899 3314 diversas
1917 3283 2136 3314 conclusiones
2151 3282 2184 3318 *;
2210 3282 2310 3318 tertio,
2335 3282 2501 3322 quomodo

1448 3339 1481 3360 se
1503 3329 1597 3359 habet
1619 3327 1659 3358 ad
1681 3327 1801 3367 species
1823 3326 2032 3367 intelligibiles
2055 3333 2085 3357 et
2109 3326 2317 3356 diversitatem
2344 3335 2452 3356 earum
2467 3324 2500 3362 *;

1448 3379 1571 3414 quarto,
1595 3371 1672 3412 quid
1696 3371 1865 3402 dicendum
1887 3370 2016 3401 obiectis
2039 3370 2072 3400 in
2096 3369 2281 3410 oppositum
2294 3369 2320 3400 *.

1505 3416 1559 3447 VI.
1575 3415 1692 3452 Quoad
1715 3414 1864 3455 primum,
1884 3414 2097 3455 supponendo
2113 3423 2172 3454 pro
2191 3422 2275 3443 nunc
2294 3413 2359 3443 dari
2380 3418 2410 3444 et
2426 3422 2502 3443 con-

1449 3460 1561 3491 servari
1585 3459 1703 3499 species
1725 3458 1933 3498 intelligibiles
1951 3458 1984 3488 in
2007 3458 2180 3493 intellectu;
2205 3463 2235 3487 et
2258 3456 2410 3487 unitatem
2430 3466 2502 3497 spe-

1449 3503 1569 3535 cificam
1593 3502 1737 3534 scientiae
1761 3502 1878 3533 attendi
1901 3511 1996 3542 penes
2015 3501 2168 3532 unitatem
2183 3499 2360 3540 specificam
2377 3500 2501 3537 scibilis,

1449 3557 1513 3579 non
1538 3547 1729 3588 inquantum
1753 3552 1798 3577 est
1820 3546 1853 3576 in
1880 3545 1942 3576 hoc
1964 3545 2014 3576 vel
2036 3545 2069 3575 in
2092 3544 2146 3575 illo
2169 3553 2280 3584 genere
2313 3544 2502 3575 substantiae

2326 3608 2361 3631 44

2528 590 2536 598 ”
2546 590 2637 618 Prolog.
2645 591 2655 612 1
2663 591 2735 618 Seni„

2527 621 2603 643 qu.1v,
2609 621 2650 638 art.
2658 623 2672 643 ι,
2680 623 2736 638 con-

2528 646 2561 663 tra
2567 642 2735 669 opimi-leutici.

2528 678 2537 686 '
2553 676 2660 698 Conclus.
2676 683 2692 698 ι.

2532 3028 2539 3035 ”
2551 3025 2619 3047 eous.
2633 3026 2665 3047 Ca
2683 3026 2738 3047 reol.

2530 3052 2626 3080 Prolog.
2677 3054 2737 3078 ent„

2547 3084 2570 3100 u.
2577 3082 2678 3105 111,art.1,
2687 3084 2737 3100 con·

2530 3110 2543 3126 c
2552 3111 2587 3126 us.
2602 3111 2618 3126 r.

2553 3244 2623 3266 Num.
2638 3250 2686 3272 seq.

2528 3289 2536 3297 ·
2551 3287 2622 3309 Num.
2636 3293 2686 3309 vm.

2528 3331 2538 3342 ⁸
2553 3330 2626 3352 Num.
2642 3336 2673 3352 ιι.

2529 3375 2540 3385 ⁸
2553 3374 2627 3396 Num.
2642 3380 2664 3395 x.
