2846 4146
71 847 81 857 ⁶
95 846 131 869 Cf·
147 846 191 868 loc.
203 846 241 868 cit.
257 846 279 867 in

70 878 118 900 arg.
131 879 152 901 3.

107 2559 187 2583 ,ζ’ὶῑ,
221 2563 257 2579 m..

978 237 1241 283 QUAESTIO
1272 237 1371 284 LVI,
1400 237 1694 274 ARTICULUS
1723 239 1772 275 111

308 315 431 351 solum
460 313 547 350 facit
575 314 678 362 quod
711 314 830 350 homo
860 314 904 351 sit
931 322 1131 363 promptae
1160 315 1361 352 voluntatis

307 367 356 404 ad
382 366 479 403 iusta
499 366 749 415 operandum,
771 367 838 403 sed
858 367 970 404 etiarn
990 368 1077 404 facit
1094 375 1135 404 ut
1157 367 1250 404 iuste
1271 379 1361 416 ope-

307 426 419 456 retur.

360 471 409 508 Et
436 470 525 519 quia
553 470 712 518 bonum,
733 471 827 508 sicut
847 480 882 509 et
901 485 980 520 ens,
1006 485 1085 509 non
1114 472 1245 509 dicitur
1273 472 1362 509 sim-

306 523 452 573 pliciter
470 523 610 572 aliquid
633 524 844 560 secundum
864 525 902 561 id
921 525 1026 573 quod
1046 533 1100 562 est
1124 525 1162 561 in
1180 524 1360 573 potentia,

307 576 374 613 sed
395 576 606 613 secundum
626 576 664 613 id
684 576 790 624 quod
805 584 860 613 est
879 577 916 613 in
935 585 1039 624 actu;
1059 578 1146 615 ideo
1167 579 1214 614 ab
1234 577 1361 614 huius-

307 629 414 666 modi
441 629 630 666 habitibus
659 628 875 678 simpliciter
903 630 1036 667 dicitur
1067 631 1186 666 homo
1215 631 1361 667 bonum

308 681 470 731 operari,
498 688 536 718 et
564 694 645 718 esse
674 682 811 730 bonus,
839 690 931 731 puta
959 683 1047 731 quia
1073 690 1129 720 est
1155 683 1273 719 iustus
1300 683 1362 719 vel

307 741 560 783 temperatus;
590 741 626 770 et
654 734 789 772 eadem
816 735 909 772 ratio
940 743 994 772 est
1022 735 1068 772 de
1089 735 1284 772 similibus.
1314 736 1363 772 Et

308 786 397 835 quia
427 787 547 824 virtus
582 792 635 823 est
661 798 758 835 quae
785 788 924 824 bonum
953 788 1051 835 facit
1084 789 1299 833 habentem,
1329 793 1363 824 et

308 850 401 888 opus
419 838 497 875 eius
515 840 654 876 bonum
674 840 794 876 reddit
812 840 843 887 ²⁸¹,
863 839 1082 877 huiusmodi
1106 840 1255 876 habitus
1274 839 1362 876 sim-

306 891 452 941 pliciter
484 891 658 928 dicuntur
687 892 863 929 virtutes:
899 893 988 940 quia
1020 892 1183 930 reddunt
1214 893 1361 928 bonum

309 956 406 995 opus
433 944 472 981 in
500 951 607 992 actu,
637 952 673 982 et
701 945 917 994 simpliciter
948 945 1090 982 faciunt
1123 945 1269 981 bonum
1297 945 1362 981 ha-

307 997 475 1034 bentem.
490 1018 513 1024 -
529 997 646 1034 Primi
673 1010 767 1035 vero
794 997 944 1035 habitus
968 1010 1047 1041 non
1075 997 1289 1045 simpliciter
1309 997 1362 1034 di-

309 1057 444 1086 cuntur
470 1050 647 1087 virtutes:
678 1050 768 1098 quia
794 1062 873 1087 non
901 1049 1063 1087 reddunt
1091 1050 1237 1087 bonum
1265 1062 1362 1098 opus

308 1101 378 1138 nisi
406 1102 445 1139 in
473 1102 640 1151 quadam
667 1103 855 1150 facultate,
885 1115 955 1139 nec
983 1102 1201 1151 simpliciter
1224 1102 1363 1139 faciunt

308 1155 455 1192 bonum
483 1155 702 1192 habentem.
735 1156 827 1192 Non
856 1155 957 1192 enim
987 1155 1120 1192 dicitur
1146 1154 1363 1204 simpliciter

309 1207 442 1257 aliquis
470 1208 589 1245 homo
613 1208 750 1255 bonus,
777 1220 825 1249 ,ex
853 1208 927 1244 hoc
946 1209 1051 1258 quod
1071 1215 1126 1244 est
1149 1207 1271 1244 sciens
1298 1207 1362 1244 vel

308 1260 458 1297 artifex:
488 1260 556 1298 sed
576 1260 710 1297 dicitur
728 1261 852 1297 bonus
871 1261 996 1297 solum
1025 1259 1237 1297 secundum
1256 1259 1360 1307 quid,

306 1319 403 1361 puta
431 1313 556 1349 bonus
589 1313 878 1360 grammaticus,
914 1320 979 1348 aut
1012 1313 1136 1349 bonus
1168 1312 1284 1348 faber.
1314 1313 1363 1348 Et

306 1372 463 1414 propter
480 1365 566 1412 hoc,
584 1365 812 1413 plerumque
831 1364 985 1401 scientia
1005 1371 1042 1400 et
1060 1376 1120 1400 ars
1140 1371 1270 1400 contra
1288 1364 1361 1400 vir-

306 1423 435 1464 tutem
443 1416 639 1455 dividinir:
660 1415 893 1465 quandoque
913 1423 1040 1453 autem
1058 1416 1215 1453 virtutes
1235 1416 1363 1452 dicun-

307 1476 380 1517 tur,
407 1476 450 1506 ut
474 1475 578 1519 patet
605 1468 643 1506 in
669 1468 721 1505 VI
749 1468 869 1505 Ethic.
889 1468 909 1490 ²¹²

229 1549 236 1561 ‚
270 1517 280 1554 ’-
318 1557 321 1562 .
361 1520 586 1560 Subiectum
612 1521 724 1569 igitur
761 1520 911 1559 habitus
943 1521 1007 1569 qui
1034 1520 1244 1558 secundum
1272 1520 1364 1569 quid

310 1573 444 1613 dicitur
468 1574 598 1622 vit-ms,
618 1581 744 1623 potest
772 1586 854 1610 esse
882 1574 1102 1620 intellectus,
1131 1585 1210 1610 non
1237 1574 1362 1610 solum

308 1627 508 1676 practicus,
523 1626 592 1664 sed
611 1627 725 1664 etiam
744 1626 951 1663 intellectus
971 1625 1222 1675 speculativas
1237 1624 1263 1674 ὅ,
1279 1627 1364 1662 abs-

309 1690 386 1729 que
414 1679 520 1718 omni
548 1679 680 1717 ordine
709 1679 756 1716 ad
783 1679 1038 1717 voluntatem:
1068 1678 1120 1716 sic
1149 1678 1248 1715 enim
1277 1678 1364 1715 Phi-

309 1733 506 1782 losophus,
525 1732 565 1770 in
578 1732 630 1770 VI
653 1733 772 1770 Ethic.
797 1731 829 1780 ²⁸,
849 1731 1056 1780 scientiam,
1076 1731 1300 1780 sapientiam
1329 1739 1366 1768 et

309 1785 552 1833 intellectum,
574 1792 610 1822 et
629 1785 743 1822 etiam
762 1792 894 1833 artem,
908 1784 1017 1834 ponit
1036 1796 1118 1822 esse
1137 1784 1365 1822 intellectua-

309 1838 365 1876 les
381 1838 553 1876 virtutes.
571 1858 595 1866 —
611 1838 832 1878 Subiectum
848 1850 942 1875 vero
962 1837 1111 1874 habitus
1131 1837 1196 1886 qui
1223 1837 1364 1886 simpli-

311 1890 402 1929 citer
420 1890 554 1928 dicitur
579 1891 716 1938 virtus,
737 1903 816 1928 non
833 1898 958 1939 potest
977 1902 1059 1927 esse
1079 1890 1149 1927 nisi
1171 1890 1364 1937 voluntas;

309 1944 372 1982 vel
401 1943 526 1994 aliqua
552 1943 721 1993 potentia
753 1943 964 1980 secundum
992 1942 1097 1992 quod
1126 1950 1181 1979 est
1211 1949 1316 1979 mota
1345 1954 1367 1979 a

311 1997 517 2035 voluntate.
539 1996 659 2035 Cuius
687 1995 779 2034 ratio
809 2003 884 2043 est,
914 1996 1001 2045 quia
1028 1995 1204 2033 voluntas
1236 2002 1369 2032 movet

312 2060 449 2089 omnes
476 2049 567 2089 alias
594 2054 606 2070 ²
632 2049 821 2098 potentias
846 2061 944 2097 quae
970 2046 1178 2097 aliqualiter
1205 2056 1292 2085 sunt
1309 2061 1367 2084 ra-

278 2113 284 2133 ³
312 2102 484 2150 tionales,
504 2103 554 2140 ad
580 2114 671 2140 suos
694 2109 813 2150 actus,
834 2109 877 2139 ut
903 2113 1016 2150 supra
1042 2100 1062 2123 ‘¹‘
1090 2100 1262 2138 habitum
1291 2109 1366 2138 est.

313 2162 351 2192 et
376 2154 465 2192 ideo
490 2155 597 2204 quod
623 2155 743 2192 homo
772 2162 858 2191 actu
885 2155 985 2191 bene
1011 2161 1107 2202 agat,
1129 2153 1306 2201 contingit
1324 2165 1369 2190 ex

311 2209 387 2246 hoc
410 2209 516 2257 quod
537 2209 657 2245 homo
677 2208 792 2244 habet
818 2207 962 2244 bonam
989 2207 1236 2244 voluntatem.
1257 2206 1369 2244 Unde

311 2260 430 2299 virtus
455 2273 555 2309 quae
582 2260 668 2299 facit
691 2261 789 2298 bene
819 2272 929 2309 agere
953 2259 993 2297 in
1020 2266 1118 2306 actu,
1138 2271 1219 2296 non
1245 2259 1370 2296 solum

364 2365 389 2398 ὅ)
407 2366 594 2398 speculatiuus.
606 2378 626 2385 -
638 2364 700 2390 Om-
716 2364 926 2391 ABCDGHIKE.
939 2379 958 2384 -
975 2351 1049 2390 omui
1066 2371 1119 2390 om.
1135 2365 1185 2389 EF.

324 2399 327 2401 ’
365 2401 387 2434 ε)
405 2400 483 2426 alias.
495 2413 515 2419 —
533 2399 594 2425 Om.
614 2399 717 2425 codices
735 2406 761 2424 et
779 2407 804 2424 α.

2393 240 2467 287 357

1414 315 1452 351 in
1480 315 1664 362 facultate,
1686 322 1835 363 oportet
1863 316 1967 364 quod
1995 317 2056 353 vel
2085 317 2130 353 sit
2157 317 2195 354 in
2223 317 2303 365 ipsa
2330 318 2467 355 volun-

1415 375 1506 413 tate;
1530 368 1592 404 vel
1620 367 1659 403 in
1687 367 1811 416 aliqua
1838 368 2006 417 potentia
2038 369 2250 406 secundum
2278 369 2382 418 quod
2411 378 2467 407 est

1415 432 1437 456 a
1463 420 1658 456 voluntate
1687 427 1803 457 mota.

1469 471 1658 520 Contingit
1694 479 1822 509 autem
1854 471 2083 509 intellectum
2111 484 2132 509 a
2160 474 2354 511 voluntate
2382 486 2466 511 mo-

1414 524 1496 561 veri
1523 524 1554 572 ³,
1583 524 1678 561 sicut
1705 532 1740 562 et
1768 525 1860 574 alias·
1885 525 2092 573 potentias:
2123 526 2334 563 considerat
2364 527 2464 563 enim

1415 577 1549 626 aliquis
1568 577 1709 626 aliquid
1738 585 1834 624 actu,
1856 590 1902 614 eo
1930 578 2034 626 quod
2057 579 2150 615 vult.
2171 579 2220 614 Et
2247 578 2332 615 ideo
2362 578 2466 615 intel-

1414 630 1543 676 lectus,
1563 630 1773 666 secundum
1792 630 1898 678 quod
1924 630 2039 667 habet
2058 630 2231 668 ordinem
2255 630 2303 668 ad
2330 631 2464 668 volun-

1414 689 1542 729 tatem,
1566 689 1691 731 potest
1719 694 1800 719 esse
1828 682 2040 720 subiectum
2066 683 2214 720 virtutis
2251 683 2466 732 simpliciter

1415 734 1549 771 dictae.
1570 735 1618 771 Et
1645 735 1719 771 hoc
1742 735 1860 772 modo
1889 734 2095 773 intellectus
2118 736 2383 785 speculadvus,
2403 736 2466 772 vel

1415 787 1520 834 ratio,
1542 794 1597 823 est
1621 787 1832 824 subiectum
1859 787 1969 824 fidei:
1998 796 2177 826 movetur
2195 788 2297 826 enim
2324 788 2466 825 intelle-

1415 846 1495 875 ctus
1523 839 1572 876 ad
1595 839 1878 877 assentiendum
1897 840 1955 877 his
1983 853 2081 889 quae
2101 849 2187 878 sunt
2204 841 2306 888 fidei,
2333 853 2375 878 ex
2395 841 2465 877 im-

1414 891 1518 939 perio
1538 891 1758 938 voluntatis3
1777 893 1900 929 nullus
1918 893 2019 930 enim
2033 894 2150 930 credit
2166 894 2238 931 nisi
2253 893 2381 931 volens
2398 893 2464 930 *.-

1415 944 1625 981 Intellectus
1652 956 1746 981 vero
1774 945 1958 992 practicus
1987 953 2042 982 est
2062 947 2274 983 subiectum
2302 946 2466 995 pruden-

1414 996 1499 1033 tiae.
1536 997 1637 1033 Cum
1664 996 1765 1033 enim
1799 997 1998 1045 prudentia
2025 998 2071 1036 sit
2097 1007 2198 1037 recta
2232 999 2323 1036 ratio
2352 998 2466 1047 agibi-

1414 1049 1520 1096 lium,
1549 1049 1748 1097 requiritur
1779 1050 1826 1086 ad
1859 1050 2098 1098 prudentiam
2135 1052 2240 1099 quod
2271 1052 2390 1089 homo
2425 1063 2465 1088 se

1415 1102 1511 1138 bene
1539 1103 1678 1138 habeat
1705 1102 1754 1139 ad
1781 1101 1962 1150 principia
1990 1103 2101 1140 huius
2121 1104 2273 1141 rationis
2302 1104 2467 1152 agendo-

1415 1166 1520 1202 rum,
1550 1166 1648 1203 quae
1676 1162 1763 1191 sunt
1788 1155 1905 1200 fines;
1936 1155 1984 1192 ad
2017 1168 2115 1203 quos
2151 1157 2248 1194 bene
2286 1169 2326 1193 se
2353 1157 2468 1193 habet

1414 1207 1533 1244 homo
1561 1219 1629 1256 per
1648 1206 1906 1244 rectitudinem
1935 1208 2150 1256 voluntatis,
2171 1209 2265 1246 sicut
2291 1209 2340 1246 ad
2367 1209 2467 1257 prin-

1415 1259 1511 1308 cipia
1530 1259 1814 1308 speculabilium
1833 1272 1902 1308 per
1924 1261 2092 1298 naturale
2112 1262 2243 1298 lumen
2261 1261 2467 1299 intellectus

1415 1311 1568 1359 agentis.
1589 1312 1639 1348 Et
1665 1312 1751 1349 ideo
1780 1312 1875 1349 sicut
1902 1313 2113 1350 subiectum
2142 1314 2338 1362 scientiae,
2367 1326 2466 1364 quae

1416 1371 1470 1400 est
1498 1364 1591 1400 ratio
1619 1371 1721 1400 recta
1748 1365 2043 1412 speculabilium,
2069 1373 2124 1403 est
2150 1367 2357 1404 intellectus
2385 1380 2468 1416 spe-

1415 1416 1598 1452 culativus
1626 1416 1665 1452 in
1694 1417 1826 1453 ordine
1855 1417 1903 1454 ad
1935 1418 2163 1456 intellectum
2196 1427 2389 1467 agentem3
2418 1421 2468 1457 ita

1415 1468 1627 1505 subiectum
1654 1469 1876 1516 prudentiae
1906 1477 1960 1506 est
1983 1470 2189 1508 intellectus
2215 1472 2402 1521 practicus
2429 1472 2469 1509 in

1416 1520 1548 1557 ordine
1576 1521 1625 1557 ad
1651 1522 1885 1558 voluntatem
1914 1530 2067 1560 rectam.

1467 1574 1528 1610 An
1555 1585 1692 1610 ramum
1719 1585 1818 1610 ERGO
1846 1586 2028 1611 morannum
2065 1576 2169 1624 quod
2196 1577 2357 1613 verbum
2391 1580 2468 1614 Au-

1416 1625 1551 1673 gustini
1589 1625 1870 1673 intelligendum
1909 1635 1964 1663 est
1996 1627 2043 1664 de
2079 1629 2216 1665 virtute
2253 1629 2471 1678 simpliciter

1417 1678 1535 1715 dicta:
1565 1690 1644 1715 non
1663 1679 1768 1726 quod
1797 1678 1922 1715 omnis
1945 1679 2027 1716 talis
2046 1679 2163 1717 virtus
2193 1681 2238 1718 sit
2256 1681 2471 1730 simpliciter

1417 1743 1548 1777 amor;
1577 1730 1644 1768 sed
1672 1731 1760 1779 quia
1790 1730 1979 1781 dependet
2015 1732 2221 1781 aliqualiter
2249 1734 2296 1770 ab
2325 1747 2469 1782 amore,

1417 1783 1642 1832 inquantum
1662 1783 1851 1832 dependet
1869 1797 1891 1821 a
1917 1786 2124 1833 voluntate,
2145 1786 2250 1824 cuius
2278 1787 2401 1836 prima
2420 1788 2471 1824 af-

1418 1836 1528 1874 fectio
1557 1843 1614 1873 est
1641 1849 1762 1883 amor,
1781 1844 1823 1873 ut
1850 1849 1963 1885 supra
1990 1837 2011 1859 ²⁸
2037 1838 2178 1875 dictum
2207 1847 2272 1876 est.

1472 1891 1532 1926 An
1559 1901 1748 1926 SECUNDUM
1775 1901 1959 1927 mcENDUM
1988 1891 2093 1939 quod
2121 1892 2267 1929 bonum
2295 1894 2471 1930 uniuscu-

1419 1942 1555 1990 iusque
1574 1949 1630 1978 est
1647 1942 1732 1979 finis
1757 1942 1856 1979 eius:
1885 1950 1921 1979 et
1939 1942 2038 1990 ideo,
2060 1956 2147 1981 eum
2164 1956 2299 1982 verum
2325 1946 2370 1983 sit
2387 1946 2474 1983 finis

1421 1995 1639 2042 intellectus,
1661 2007 1889 2043 cognoscere
1907 2008 2044 2033 verum
2073 2004 2129 2033 est
2147 1997 2272 2035 bonus
2296 2007 2400 2036 actus
2420 1999 2475 2036 in-

1421 2047 1600 2084 tellectus.
1621 2024 1731 2085 Unde
1758 2047 1908 2084 habitus
1935 2048 2138 2108 perficiens
2171 2049 2399 2088 intellectum
2426 2052 2476 2089 ad

1421 2112 1559 2137 verum
1587 2100 1907 2159 cognoscendum,
1935 2102 1997 2138 vel
2025 2101 2064 2138 in
2090 2103 2329 2150 speculativis
2347 2105 2410 2141 vel
2437 2104 2477 2141 in

1423 2153 1606 2201 practicis,
1628 2153 1765 2190 dicitur
1787 2153 1919 2190 virtus.

1476 2207 1535 2243 An
1563 2217 1722 2243 rx-:erm
1750 2217 1932 2243 DICENDUM
1961 2206 2065 2254 quod
2094 2207 2187 2244 ratio
2220 2207 2280 2246 illa
2308 2209 2478 2258 procedit

1426 2258 1471 2295 de
1500 2258 1636 2296 virtute
1665 2258 1882 2306 simpliciter
1910 2258 2018 2304 dicta.

1477 2364 1503 2396 ζ)
1523 2364 1632 2389 moveri.
1645 2377 1664 2383 -
1682 2367 1781 2388 motum
1801 2371 1855 2389 esse
1873 2364 1903 2393 Ε,
1922 2371 1976 2389 esse
1995 2364 2023 2388 F.

985 2459 1318 2492 commentaria
1339 2459 1589 2492 Cardinalis
1611 2459 1810 2492 Caietam

288 2560 292 2563 .
315 2542 364 2615 In
377 2531 511 2565 articulo
527 2531 620 2563 tertio
632 2530 826 2572 quaestionis
841 2530 1236 2580 quinquagesimaesextae,
1249 2529 1376 2560 omissis

345 2575 472 2609 duobus
495 2574 616 2616 primia
641 2575 777 2607 dubium
800 2573 936 2607 occurrit
958 2575 998 2604 de
1021 2584 1115 2605 sensu
1132 2581 1162 2605 et
1177 2574 1306 2605 veritate
1324 2573 1375 2604 lit-

314 2626 508 2655 tatae,cu1n
530 2617 623 2662 ponit
645 2615 860 2649 differentiam
873 2618 954 2649 inter
976 2617 1126 2648 virtutem
1143 2617 1327 2658 simpliciter
1345 2624 1376 2648 et

315 2662 568 2699 intellectualem,
593 2671 631 2692 ex
651 2661 714 2693 hoc
737 2660 825 2702 quod
848 2660 961 2704 aliquis
983 2660 1109 2692 habitus
1124 2662 1177 2693 dat
1195 2661 1376 2692 facultatem

316 2706 451 2738 faciendi
474 2707 598 2737 bonum
621 2715 715 2756 opus,
739 2705 794 2737 sed
816 2715 884 2736 non
906 2706 960 2737 dat
982 2705 1072 2747 quod
1089 2715 1214 2746 semper
1229 2712 1376 2746 operetur

317 2757 409 2787 recte,
429 2757 464 2781 ut
485 2749 699 2790 grammatica,
715 2756 789 2786 etc.;
813 2749 928 2791 aliquis
951 2756 1059 2780 autem
1078 2750 1131 2781 dat
1148 2757 1180 2781 et
1194 2749 1377 2780 facultatem

317 2794 452 2832 faciendi
474 2795 598 2825 bonum
622 2803 715 2834 opus,
739 2800 770 2831 et
793 2793 847 2825 dat
869 2794 959 2834 quod
976 2793 1090 2835 aliquis
1109 2801 1192 2825 recte
1211 2800 1318 2824 utatur
1332 2793 1376 2824 fa—

318 2837 443 2875 cultate,
467 2844 504 2869 ut
525 2837 652 2870 iustitia.

372 2881 430 2915 Est
453 2888 559 2913 autem
581 2881 633 2913 hic
655 2880 870 2922 multipliciter
891 2880 1037 2912 dubium.
1061 2879 1180 2918 Primo,
1197 2881 1236 2912 de
1251 2891 1315 2922 qua
1330 2891 1377 2912 re-

319 2925 471 2958 ctitudine
493 2935 549 2956 seu
572 2925 712 2956 bonitate
735 2931 782 2956 est
802 2934 917 2961 serum,
934 2934 1008 2956 cum
1027 2923 1142 2956 dicitur
1157 2925 1247 2966 quod
1264 2925 1378 2966 aliquis

318 2969 445 3007 habitus
467 2969 521 3000 dat
543 2969 632 3011 quod
655 2975 738 3000 recte
756 2975 862 3000 utatur
884 2967 1044 2999 facultate:
1070 2978 1110 2998 an
1133 2969 1250 3000 scilicet
1268 2969 1307 2999 de
1321 2969 1378 3000 bo-

319 3013 416 3045 nitate
443 3013 572 3055 propria
597 3013 644 3044 illi
672 3012 811 3050 habitui,
836 3023 875 3043 an
899 3013 939 3043 de
961 3012 1102 3043 bonitate
1128 3013 1251 3044 morali.
1284 3012 1316 3043 Si
1339 3013 1378 3044 de

319 3056 460 3089 bonitate
484 3057 614 3094 morali,
637 3057 741 3088 obstat
762 3056 864 3088 littera
887 3056 1039 3088 obiiciens
1060 3055 1133 3087 usui
1156 3056 1378 3097 grammaticae

321 3111 387 3132 non
411 3111 549 3133 errorem
566 3100 601 3132 in
622 3100 776 3138 moribus,
793 3101 848 3133 sed
869 3099 903 3131 in
918 3099 1132 3140 grammatica,
1148 3100 1380 3132 barbarismum

321 3145 438 3176 scilicet
456 3151 487 3176 et
509 3144 746 3182 soloecismum,
771 3151 806 3176 ut
823 3150 910 3186 patet
924 3144 958 3175 in
971 3143 1083 3175 littera.
1099 3161 1119 3167 -
1134 3143 1167 3175 Si
1186 3144 1224 3175 de
1239 3143 1379 3175 bonitate

320 3189 451 3230 propria
471 3188 518 3220 illi
540 3188 671 3226 habitui,
694 3189 783 3220 nulla
800 3188 924 3223 videtur
937 3188 1018 3219 inter
1040 3187 1166 3219 habitus
1189 3187 1379 3220 differentia:

321 3232 454 3274 quilibet
469 3232 564 3269 enim,
577 3243 653 3265 cum
668 3232 740 3274 quis
759 3242 798 3264 eo
814 3232 922 3268 utitur,
931 3232 984 3263 dat
999 3242 1092 3263 suam
1106 3231 1281 3263 bonitatem
1296 3232 1379 3264 actui

321 3283 398 3319 apto
421 3283 496 3308 nato
520 3277 685 3317 suscipere
699 3276 788 3308 inam
810 3276 996 3308 bonitatem.

367 3321 404 3352 11.
421 3321 543 3352 Deinde
558 3320 694 3352 dubium
708 3327 755 3352 est
772 3327 901 3361 propter
916 3320 1127 3351 diversitatem
1138 3319 1378 3357 vocabulorum,

322 3375 387 3406 qua
408 3364 510 3396 littera
531 3364 646 3396 utitur:
671 3364 749 3406 quid
771 3364 905 3396 intendit
926 3373 1001 3396 cum
1024 3363 1098 3394 dicit
1117 3363 1206 3404 quod
1229 3363 1283 3394 dat
1295 3364 1380 3405 quod

321 3419 447 3450 semper
461 3414 546 3440 recte
559 3414 720 3449 operetur,
742 3415 773 3439 et
788 3409 846 3439 sub
861 3407 930 3438 aliis
944 3407 1057 3446 verbis,
1074 3407 1158 3448 quod
1173 3412 1258 3438 recte
1269 3413 1380 3438 utatur

314 3453 489 3494 facultate,
513 3453 564 3483 vel
582 3453 640 3483 sub
665 3452 732 3483 aliis
755 3452 867 3488 verbis,
891 3452 976 3492 quod
998 3451 1102 3482 reddit
1120 3451 1235 3482 bonum
1252 3461 1331 3492 opus
1347 3453 1378 3482 in

323 3502 415 3528 actu:
437 3507 477 3527 an
496 3497 613 3528 scilicet
627 3497 768 3527 intendat
784 3497 823 3526 de
837 3506 933 3536 opere
952 3496 984 3526 in
998 3502 1069 3526 actu
1089 3496 1177 3536 quod
1192 3495 1380 3526 informatur

323 3540 446 3578 habitu,
470 3548 548 3582 puta
572 3542 610 3571 de
633 3540 795 3571 locutione
818 3540 850 3570 in
874 3546 945 3570 actu
973 3543 1115 3580 respe'ctu
1143 3539 1378 3579 grammaticae,

1428 2530 1683 2569 concupiscentia
1706 2537 1848 2571 respectu
1864 2530 2098 2571 temperantiae,
2115 2538 2189 2568 etc.;
2213 2542 2254 2562 an
2277 2532 2315 2562 de
2331 2539 2402 2563 actu
2424 2543 2482 2563 vo-

1427 2573 1555 2604 luntatis
1578 2573 1635 2614 qui
1656 2581 1787 2604 vocatur
1810 2575 1874 2612 uti,
1899 2584 1964 2615 quo
1994 2573 2144 2606 omnibus
2166 2574 2324 2606 habitibus
2352 2576 2482 2612 utimur,

1427 2617 1616 2658 applicando
1640 2627 1694 2648 eos
1718 2618 1758 2648 ad
1780 2617 1979 2657 operandum
1993 2617 2025 2648 in
2045 2625 2117 2649 actu
2141 2628 2215 2649 cum
2235 2619 2425 2651 volumus.—
2443 2620 2485 2650 Et

1427 2670 1545 2698 rursus,
1565 2671 1605 2691 an
1627 2661 1769 2692 intendat
1791 2670 1934 2702 semper:
1958 2671 1999 2692 an
2021 2671 2096 2692 cum
2118 2662 2239 2693 utimur
2260 2663 2369 2695 habitu
2392 2663 2460 2695 illo.

1483 2704 1516 2736 Si
1538 2714 1676 2747 namque
1699 2705 1832 2736 intendit
1860 2715 1998 2745 semper,
2023 2705 2087 2736 sive
2110 2705 2260 2747 loquatur
2283 2708 2322 2738 de
2345 2707 2391 2738 uti
2419 2707 2484 2738 sive

1429 2749 1468 2779 de
1482 2759 1588 2789 opere,
1605 2747 1683 2780 falsa
1697 2748 1861 2780 manifeste
1876 2756 1923 2780 est
1938 2749 2122 2780 differentia:
2139 2750 2214 2791 quia
2229 2761 2362 2791 possum
2375 2758 2484 2782 contra

1429 2799 1460 2824 et
1475 2800 1596 2834 praeter
1611 2802 1847 2834 quemcumque
1863 2793 2008 2825 habitum
2022 2793 2212 2835 acquisitum
2227 2801 2258 2826 et
2270 2795 2423 2832 infusum,
2438 2795 2483 2826 uu'

1430 2843 1461 2868 et
1484 2836 1617 2882 operari,
1640 2843 1676 2868 ut
1698 2843 1784 2878 patet
1805 2837 1838 2867 in
1858 2837 2072 2887 peccantibus.

1487 2873 1531 2912 Si
1542 2890 1617 2912 vero
1641 2880 1775 2912 intendit
1797 2881 1836 2912 de
1857 2880 1927 2921 ipso
1958 2891 2053 2923 opere
2078 2882 2207 2932 quando
2237 2881 2334 2913 utitur
2357 2883 2483 2919 habitu,

1430 2934 1487 2965 par
1502 2935 1633 2967 quoque
1648 2925 1772 2956 videtur
1785 2924 1939 2956 iudicium
1955 2925 1993 2956 de
2009 2931 2074 2956 arte
2089 2931 2120 2956 et
2134 2925 2248 2956 virtute
2262 2926 2385 2958 morali.
2398 2926 2487 2958 Sicut

1430 2979 1570 3009 namque
1600 2968 1754 3009 contingit
1780 2975 1924 3000 utentem
1943 2969 2164 3009 grammatica,
2193 2970 2268 3010 quia
2295 2980 2362 3000 non
2387 2970 2486 3001 utitur

1430 3013 1567 3044 totaliter
1590 3022 1636 3049 ea,
1659 3012 1866 3049 barbarizare;
1890 3013 1934 3044 ita
1955 3019 2099 3043 utentem
2111 3013 2230 3045 iustitia
2245 3013 2295 3044 vel
2310 3021 2489 3054 temperan-

1431 3056 1483 3093 tia,
1506 3056 1583 3097 quia
1602 3066 1668 3087 non
1684 3055 1820 3087 totaliter
1835 3056 1934 3087 utitur
1951 3066 1997 3094 ea,
2013 3057 2190 3088 secundum
2205 3057 2324 3098 aliquid
2343 3057 2484 3089 deficere.

1487 3099 1519 3130 Si
1531 3107 1638 3131 autem
1652 3100 1786 3131 intendit
1800 3100 1838 3130 de
1852 3100 1899 3131 uti
1914 3100 1984 3140 ipso
1998 3107 2068 3131 actu
2080 3101 2261 3138 voluntatis,
2274 3108 2329 3132 aut
2343 3109 2486 3142 respectu

1432 3144 1550 3184 operis:
1575 3151 1606 3175 et
1628 3144 1690 3175 hoc
1713 3154 1789 3180 non,
1815 3144 1890 3185 quia
1913 3144 2000 3175 nulla
2022 3151 2102 3175 esset
2124 3145 2311 3182 differentia;
2335 3145 2488 3185 contingit

1432 3187 1517 3218 enim
1540 3188 1587 3219 uti
1615 3187 1868 3229 concupiscentia
1895 3194 2003 3219 contra
2024 3188 2076 3220 vel
2101 3196 2223 3229 praeter
2246 3189 2487 3230 temperantiam

1431 3242 1530 3273 quam
1545 3231 1658 3268 habeo,
1673 3231 1756 3263 sicut
1765 3231 1928 3263 locutione
1939 3238 2048 3263 contra
2059 3233 2295 3273 grammaticam
2306 3233 2357 3263 vel
2367 3240 2488 3274 praeter

1433 3286 1512 3307 eam.
1529 3293 1547 3298 —
1564 3277 1631 3306 Aut
1652 3282 1796 3316 respectu
1818 3275 1958 3307 habitus:
1983 3283 2015 3307 et
2036 3277 2163 3307 obstant
2185 3277 2252 3308 tria.
2275 3277 2419 3308 Primum
2442 3283 2489 3308 est

1432 3319 1521 3362 quod
1543 3319 1576 3350 in
1598 3319 1700 3350 littera
1722 3319 1835 3351 dicitur
1861 3320 1951 3361 quod
1974 3319 2034 3351 ista
2056 3321 2192 3351 secunda
2208 3320 2357 3361 perfectio
2382 3327 2428 3351 est
2441 3330 2490 3351 re-

1433 3370 1542 3403 spectu
1565 3364 1670 3404 operis
1688 3364 1720 3393 in
1740 3369 1814 3395 actu
1820 3371 1834 3402 ;
1856 3364 1958 3404 prima
1981 3370 2086 3395 autem
2106 3371 2152 3395 est
2170 3371 2312 3405 respectu
2336 3366 2440 3405 operis
2455 3366 2488 3395 in

1424 3407 1598 3449 facultate,
1623 3407 1712 3447 quod
1734 3413 1780 3438 est
1803 3417 1869 3438 esse
1891 3407 1925 3438 in
1947 3407 2098 3448 potentia.
2122 3408 2231 3445 Modo,
2256 3418 2338 3448 opus
2361 3408 2394 3438 in
2417 3415 2488 3439 actu

1433 3452 1471 3482 ab
1495 3461 1590 3491 opere
1612 3451 1644 3481 in
1663 3451 1804 3491 potentia
1824 3461 1889 3482 non
1910 3451 2146 3491 distinguuntur
2160 3462 2282 3492 genere,
2299 3452 2399 3482 immo
2416 3458 2490 3482 sunt

1433 3495 1575 3525 eiusdem
1603 3495 1716 3535 speciei
1739 3495 1997 3535 specialissimae:
2023 3495 2068 3526 uti
2092 3502 2198 3526 autem
2225 3503 2256 3526 et
2282 3496 2364 3536 opus
2387 3506 2490 3536 gram-

1432 3539 1563 3569 maticae
1586 3539 1635 3569 vel
1658 3539 1881 3579 temperantiae
1905 3539 2141 3579 distinguuntur
2164 3549 2290 3579 genere,
2315 3540 2365 3570 vel
2388 3539 2491 3580 specie

2491 891 2614 938 xxviuff-‚f
2619 894 2700 938 131⁰*

2499 1838 2566 1865 Qu.
2577 1845 2628 1865 xxv,
2702 1855 2707 1863 ,

2498 1871 2518 1890 2,
2537 1870 2561 1892 33
2578 1871 2616 1892 qu.
2635 1870 2707 1891 xxvix,

2499 1895 2540 1913 art.
2555 1898 2590 1917 4.;
2610 1891 2669 1912 Part.
2684 1890 2707 1917 1,

2500 1925 2539 1946 qu.
2554 1924 2584 1939 xx
2586 1921 2649 1944 ,.art
2666 1923 2681 1938 1.
