<?xml version="1.0" encoding="UTF-8"?>
<!DOCTYPE html PUBLIC "-//W3C//DTD XHTML 1.0 Transitional//EN"
    "http://www.w3.org/TR/xhtml1/DTD/xhtml1-transitional.dtd">
<html xmlns="http://www.w3.org/1999/xhtml" xml:lang="en" lang="en">
 <head>
  <title>
</title>
<meta http-equiv="Content-Type" content="text/html;charset=utf-8" />
  <meta name='ocr-system' content='tesseract 3.04.00' />
  <meta name='ocr-capabilities' content='ocr_page ocr_carea ocr_par ocr_line ocrx_word'/>
</head>
<body>
  <div class='ocr_page' id='page_1' title='image "./operaomniaiussui06thom/operaomniaiussui06thom_0142.png"; bbox 0 0 2852 4152; ppageno 0'>
   <div class='ocr_carea' id='block_1_1' title="bbox 133 752 341 800">
    <p class='ocr_par' dir='ltr' id='par_1_1' title="bbox 133 752 341 800">
     <span class='ocr_line' id='line_1_1' title="bbox 133 752 341 780; baseline 0 -6"><span class='ocrx_word' id='word_1_1' title='bbox 133 754 142 762; x_wconf 84' lang='lat'><strong>‘</strong></span> <span class='ocrx_word' id='word_1_2' title='bbox 151 752 223 774; x_wconf 87' lang='lat' dir='ltr'>S.Th.</span> <span class='ocrx_word' id='word_1_3' title='bbox 234 753 286 774; x_wconf 87' lang='lat' dir='ltr'>lect.</span> <span class='ocrx_word' id='word_1_4' title='bbox 296 759 341 780; x_wconf 81' lang='lat' dir='ltr'>xiv,</span> 
     </span>
     <span class='ocr_line' id='line_1_2' title="bbox 133 785 189 800; baseline 0 0"><span class='ocrx_word' id='word_1_5' title='bbox 133 785 189 800; x_wconf 80' lang='lat' dir='ltr'>xxii.</span> 
     </span>
    </p>
   </div>
   <div class='ocr_carea' id='block_1_2' title="bbox 230 849 246 865">
    <p class='ocr_par' dir='ltr' id='par_1_2' title="bbox 230 849 246 865">
     <span class='ocr_line' id='line_1_3' title="bbox 230 849 246 865; baseline 0 0"><span class='ocrx_word' id='word_1_6' title='bbox 230 849 246 865; x_wconf 82' lang='grc' dir='ltr'>α</span> 
     </span>
    </p>
   </div>
   <div class='ocr_carea' id='block_1_3' title="bbox 127 1492 339 1546">
    <p class='ocr_par' dir='ltr' id='par_1_3' title="bbox 127 1492 339 1546">
     <span class='ocr_line' id='line_1_4' title="bbox 127 1492 339 1514; baseline 0.005 -1"><span class='ocrx_word' id='word_1_7' title='bbox 127 1493 138 1503; x_wconf 77' lang='lat'><strong><em>⁴</em></strong></span> <span class='ocrx_word' id='word_1_8' title='bbox 159 1492 194 1513; x_wconf 88' lang='lat' dir='ltr'>De</span> <span class='ocrx_word' id='word_1_9' title='bbox 216 1493 248 1514; x_wconf 80' lang='lat' dir='ltr'>Di</span> <span class='ocrx_word' id='word_1_10' title='bbox 265 1495 339 1514; x_wconf 81' lang='lat' dir='ltr'>erent.</span> 
     </span>
     <span class='ocr_line' id='line_1_5' title="bbox 132 1519 315 1546; baseline 0 -6"><span class='ocrx_word' id='word_1_11' title='bbox 132 1519 217 1546; x_wconf 57' lang='grc' dir='ltr'>Τορτί·υ</span> <span class='ocrx_word' id='word_1_12' title='bbox 233 1520 247 1540; x_wconf 89' lang='grc' dir='ltr'>1ι</span> <span class='ocrx_word' id='word_1_13' title='bbox 266 1535 272 1540; x_wconf 94' lang='grc'><em>.</em></span> <span class='ocrx_word' id='word_1_14' title='bbox 287 1519 315 1541; x_wconf 89' lang='lat'>11.</span> 
     </span>
    </p>
   </div>
   <div class='ocr_carea' id='block_1_4' title="bbox 226 1546 240 1580">
    <p class='ocr_par' dir='ltr' id='par_1_4' title="bbox 226 1546 240 1580">
     <span class='ocr_line' id='line_1_6' title="bbox 226 1546 240 1580; baseline 0 0"><span class='ocrx_word' id='word_1_15' title='bbox 226 1546 240 1580; x_wconf 77' lang='grc' dir='ltr'>β</span> 
     </span>
    </p>
   </div>
   <div class='ocr_carea' id='block_1_5' title="bbox 130 2901 342 2928">
    <p class='ocr_par' dir='ltr' id='par_1_5' title="bbox 130 2901 342 2928">
     <span class='ocr_line' id='line_1_7' title="bbox 130 2901 342 2928; baseline -0.005 -6"><span class='ocrx_word' id='word_1_16' title='bbox 130 2903 138 2911; x_wconf 92' lang='grc'>·</span> <span class='ocrx_word' id='word_1_17' title='bbox 155 2901 203 2928; x_wconf 88' lang='lat' dir='ltr'>Qu.</span> <span class='ocrx_word' id='word_1_18' title='bbox 212 2905 286 2927; x_wconf 75' lang='lat' dir='ltr'>mxx,</span> <span class='ocrx_word' id='word_1_19' title='bbox 298 2903 342 2921; x_wconf 79' lang='lat' dir='ltr'>art.</span> 
     </span>
    </p>
   </div>
   <div class='ocr_carea' id='block_1_6' title="bbox 130 3027 316 3056">
    <p class='ocr_par' dir='ltr' id='par_1_6' title="bbox 130 3027 316 3056">
     <span class='ocr_line' id='line_1_8' title="bbox 130 3027 316 3056; baseline -0.005 -6"><span class='ocrx_word' id='word_1_20' title='bbox 130 3030 139 3038; x_wconf 82' lang='lat'>&#39;¹</span> <span class='ocrx_word' id='word_1_21' title='bbox 154 3029 204 3050; x_wconf 76' lang='lat' dir='ltr'>Art.</span> <span class='ocrx_word' id='word_1_22' title='bbox 219 3035 239 3056; x_wconf 79' lang='lat'>3,</span> <span class='ocrx_word' id='word_1_23' title='bbox 255 3027 282 3049; x_wconf 86' lang='lat' dir='ltr'>ad</span> <span class='ocrx_word' id='word_1_24' title='bbox 297 3034 316 3056; x_wconf 88' lang='lat'>3.</span> 
     </span>
    </p>
   </div>
   <div class='ocr_carea' id='block_1_7' title="bbox 382 196 452 231">
    <p class='ocr_par' dir='ltr' id='par_1_7' title="bbox 382 196 452 231">
     <span class='ocr_line' id='line_1_9' title="bbox 382 196 452 231; baseline 0 -1"><span class='ocrx_word' id='word_1_25' title='bbox 382 196 452 231; x_wconf 85' lang='lat'>130</span> 
     </span>
    </p>
   </div>
   <div class='ocr_carea' id='block_1_8' title="bbox 1042 197 1883 246">
    <p class='ocr_par' dir='ltr' id='par_1_8' title="bbox 1042 197 1883 246">
     <span class='ocr_line' id='line_1_10' title="bbox 1042 197 1883 246; baseline 0.004 -13"><span class='ocrx_word' id='word_1_26' title='bbox 1042 197 1305 243; x_wconf 90' lang='lat' dir='ltr'>QUAESTIO</span> <span class='ocrx_word' id='word_1_27' title='bbox 1337 199 1476 246; x_wconf 82' lang='lat' dir='ltr'>XVIII,</span> <span class='ocrx_word' id='word_1_28' title='bbox 1506 199 1801 236; x_wconf 87' lang='lat' dir='ltr'>ARTICULUS</span> <span class='ocrx_word' id='word_1_29' title='bbox 1832 199 1883 236; x_wconf 93' lang='lat' dir='ltr'>IV</span> 
     </span>
    </p>
   </div>
   <div class='ocr_carea' id='block_1_9' title="bbox 855 331 2060 459">
    <p class='ocr_par' dir='ltr' id='par_1_9' title="bbox 855 331 2060 459">
     <span class='ocr_line' id='line_1_11' title="bbox 1153 331 1767 383; baseline 0.005 -11"><span class='ocrx_word' id='word_1_30' title='bbox 1153 331 1466 373; x_wconf 89' lang='lat' dir='ltr'>ARTICULUS</span> <span class='ocrx_word' id='word_1_31' title='bbox 1497 332 1767 383; x_wconf 87' lang='lat' dir='ltr'><strong>QUARTUS</strong></span> 
     </span>
     <span class='ocr_line' id='line_1_12' title="bbox 855 424 2060 459; baseline 0.003 -5"><span class='ocrx_word' id='word_1_32' title='bbox 855 424 1009 455; x_wconf 87' lang='lat' dir='ltr'>UTRUM</span> <span class='ocrx_word' id='word_1_33' title='bbox 1033 424 1167 455; x_wconf 75' lang='lat' dir='ltr'>Acrto</span> <span class='ocrx_word' id='word_1_34' title='bbox 1191 424 1379 454; x_wconf 86' lang='lat' dir='ltr'>HUMANA</span> <span class='ocrx_word' id='word_1_35' title='bbox 1402 424 1469 454; x_wconf 81' lang='lat' dir='ltr'>SIT</span> <span class='ocrx_word' id='word_1_36' title='bbox 1491 424 1609 455; x_wconf 84' lang='lat' dir='ltr'>BONA</span> <span class='ocrx_word' id='word_1_37' title='bbox 1633 426 1716 456; x_wconf 82' lang='lat' dir='ltr'>VEL</span> <span class='ocrx_word' id='word_1_38' title='bbox 1740 426 1860 456; x_wconf 85' lang='lat' dir='ltr'><strong>MALA</strong></span> <span class='ocrx_word' id='word_1_39' title='bbox 1883 426 1940 457; x_wconf 73' lang='lat' dir='ltr'>ax</span> <span class='ocrx_word' id='word_1_40' title='bbox 1963 427 2060 459; x_wconf 81' lang='lat' dir='ltr'>FINE</span> 
     </span>
    </p>
   </div>
   <div class='ocr_carea' id='block_1_10' title="bbox 1253 501 1660 531">
    <p class='ocr_par' dir='ltr' id='par_1_10' title="bbox 1253 501 1660 531">
     <span class='ocr_line' id='line_1_13' title="bbox 1253 501 1660 531; baseline 0.005 -6"><span class='ocrx_word' id='word_1_41' title='bbox 1253 501 1272 526; x_wconf 91' lang='lat'>11</span> <span class='ocrx_word' id='word_1_42' title='bbox 1293 501 1374 530; x_wconf 68' lang='lat' dir='ltr'>sent„</span> <span class='ocrx_word' id='word_1_43' title='bbox 1393 501 1451 526; x_wconf 85' lang='lat' dir='ltr'>dist.</span> <span class='ocrx_word' id='word_1_44' title='bbox 1469 509 1550 531; x_wconf 83' lang='lat' dir='ltr'>xxxv1,</span> <span class='ocrx_word' id='word_1_45' title='bbox 1570 508 1616 527; x_wconf 81' lang='lat' dir='ltr'>art.</span> <span class='ocrx_word' id='word_1_46' title='bbox 1637 502 1660 527; x_wconf 89' lang='lat'>5.</span> 
     </span>
    </p>
   </div>
   <div class='ocr_carea' id='block_1_11' title="bbox 426 587 1428 679">
    <p class='ocr_par' dir='ltr' id='par_1_11' title="bbox 426 587 1428 686">
     <span class='ocr_line' id='line_1_14' title="bbox 426 587 1427 645; baseline -0.003 -16"><span class='ocrx_word' id='word_1_47' title='bbox 426 614 451 637; x_wconf 35' lang='lat' dir='ltr'>‚x</span> <span class='ocrx_word' id='word_1_48' title='bbox 492 616 533 645; x_wconf 49' lang='lat' dir='ltr'>»sc-3</span> <span class='ocrx_word' id='word_1_49' title='bbox 583 600 605 626; x_wconf 81' lang='lat' dir='ltr'>D</span> <span class='ocrx_word' id='word_1_50' title='bbox 626 601 797 632; x_wconf 82' lang='lat' dir='ltr'><strong>QUARTUM</strong></span> <span class='ocrx_word' id='word_1_51' title='bbox 816 600 869 626; x_wconf 78' lang='lat' dir='ltr'>sm</span> <span class='ocrx_word' id='word_1_52' title='bbox 888 599 1127 625; x_wconf 82' lang='lat' dir='ltr'>PROCEDITUR.</span> <span class='ocrx_word' id='word_1_53' title='bbox 1144 587 1305 625; x_wconf 91' lang='lat' dir='ltr'>Videtur</span> <span class='ocrx_word' id='word_1_54' title='bbox 1324 588 1427 636; x_wconf 91' lang='lat' dir='ltr'>quod</span> 
     </span>
     <span class='ocr_line' id='line_1_15' title="bbox 441 638 1428 679; baseline -0.003 2"><span class='ocrx_word' id='word_1_55' title='bbox 441 638 449 645; x_wconf 74' lang='grc'><em>’</em></span> <span class='ocrx_word' id='word_1_56' title='bbox 583 643 728 679; x_wconf 91' lang='lat' dir='ltr'>bonum</span> <span class='ocrx_word' id='word_1_57' title='bbox 757 649 793 678; x_wconf 92' lang='lat' dir='ltr'>et</span> <span class='ocrx_word' id='word_1_58' title='bbox 824 642 968 678; x_wconf 89' lang='lat' dir='ltr'>malum</span> <span class='ocrx_word' id='word_1_59' title='bbox 997 640 1035 677; x_wconf 92' lang='lat' dir='ltr'>in</span> <span class='ocrx_word' id='word_1_60' title='bbox 1073 640 1217 677; x_wconf 89' lang='lat' dir='ltr'>actibus</span> <span class='ocrx_word' id='word_1_61' title='bbox 1251 641 1428 678; x_wconf 88' lang='lat' dir='ltr'>humanis</span> 
     </span>
    </p>
   </div>
   <div class='ocr_carea' id='block_1_12' title="bbox 385 597 572 790">
    <p class='ocr_par' dir='ltr' id='par_1_12' title="bbox 385 597 572 790">
     <span class='ocr_line' id='line_1_16' title="bbox 385 597 572 790; baseline 0 3362"><span class='ocrx_word' id='word_1_62' title='bbox 385 597 572 790; x_wconf 95' lang='lat' dir='ltr'> </span> 
     </span>
    </p>
   </div>
   <div class='ocr_carea' id='block_1_13' title="bbox 362 798 1427 2276">
    <p class='ocr_par' dir='ltr' id='par_1_13' title="bbox 369 798 1427 952">
     <span class='ocr_line' id='line_1_17' title="bbox 369 798 1427 846; baseline 0.001 -11"><span class='ocrx_word' id='word_1_63' title='bbox 369 799 526 846; x_wconf 84' lang='lat' dir='ltr'>spiciens</span> <span class='ocrx_word' id='word_1_64' title='bbox 551 801 602 836; x_wconf 88' lang='lat' dir='ltr'>ad</span> <span class='ocrx_word' id='word_1_65' title='bbox 627 800 770 836; x_wconf 84' lang='lat' dir='ltr'>malum</span> <span class='ocrx_word' id='word_1_66' title='bbox 796 804 984 846; x_wconf 83' lang='lat' dir='ltr'><strong><em>operatur.</em></strong></span> <span class='ocrx_word' id='word_1_67' title='bbox 1013 798 1052 835; x_wconf 91' lang='lat' dir='ltr'>Si</span> <span class='ocrx_word' id='word_1_68' title='bbox 1071 799 1182 846; x_wconf 87' lang='lat' dir='ltr'>igitur</span> <span class='ocrx_word' id='word_1_69' title='bbox 1201 812 1246 836; x_wconf 90' lang='lat' dir='ltr'>ex</span> <span class='ocrx_word' id='word_1_70' title='bbox 1265 801 1342 836; x_wconf 98' lang='lat' dir='ltr'>fine</span> <span class='ocrx_word' id='word_1_71' title='bbox 1363 800 1427 837; x_wconf 92' lang='lat' dir='ltr'>de-</span> 
     </span>
     <span class='ocr_line' id='line_1_18' title="bbox 370 851 1425 900; baseline 0.002 -13"><span class='ocrx_word' id='word_1_72' title='bbox 370 851 553 888; x_wconf 91' lang='lat' dir='ltr'>rivaretur</span> <span class='ocrx_word' id='word_1_73' title='bbox 579 858 595 873; x_wconf 80' lang='lat'>‘²</span> <span class='ocrx_word' id='word_1_74' title='bbox 624 851 792 900; x_wconf 91' lang='lat' dir='ltr'>operatio</span> <span class='ocrx_word' id='word_1_75' title='bbox 823 852 923 888; x_wconf 92' lang='lat' dir='ltr'>bona</span> <span class='ocrx_word' id='word_1_76' title='bbox 955 852 1016 888; x_wconf 90' lang='lat' dir='ltr'>vel</span> <span class='ocrx_word' id='word_1_77' title='bbox 1044 853 1164 899; x_wconf 91' lang='lat' dir='ltr'>mala,</span> <span class='ocrx_word' id='word_1_78' title='bbox 1199 854 1301 889; x_wconf 90' lang='lat' dir='ltr'>nulla</span> <span class='ocrx_word' id='word_1_79' title='bbox 1329 853 1425 890; x_wconf 90' lang='lat' dir='ltr'>actio</span> 
     </span>
     <span class='ocr_line' id='line_1_19' title="bbox 370 904 1167 952; baseline 0.001 -12"><span class='ocrx_word' id='word_1_80' title='bbox 370 912 467 940; x_wconf 89' lang='lat' dir='ltr'>esset</span> <span class='ocrx_word' id='word_1_81' title='bbox 494 905 604 941; x_wconf 87' lang='lat' dir='ltr'>mala.</span> <span class='ocrx_word' id='word_1_82' title='bbox 636 904 752 950; x_wconf 91' lang='lat' dir='ltr'>Quod</span> <span class='ocrx_word' id='word_1_83' title='bbox 778 911 882 952; x_wconf 90' lang='lat' dir='ltr'>patet</span> <span class='ocrx_word' id='word_1_84' title='bbox 910 917 992 940; x_wconf 92' lang='lat' dir='ltr'>esse</span> <span class='ocrx_word' id='word_1_85' title='bbox 1020 905 1167 941; x_wconf 87' lang='lat' dir='ltr'>falsum.</span> 
     </span>
    </p>

    <p class='ocr_par' dir='ltr' id='par_1_14' title="bbox 368 956 1424 1108">
     <span class='ocr_line' id='line_1_20' title="bbox 423 956 1424 1008; baseline 0.003 -16"><span class='ocrx_word' id='word_1_86' title='bbox 423 968 457 993; x_wconf 85' lang='lat'>2.</span> <span class='ocrx_word' id='word_1_87' title='bbox 479 958 709 1003; x_wconf 82' lang='lat' dir='ltr'>PRAETEREA,</span> <span class='ocrx_word' id='word_1_88' title='bbox 731 956 879 993; x_wconf 86' lang='lat' dir='ltr'>bonitas</span> <span class='ocrx_word' id='word_1_89' title='bbox 908 965 1012 994; x_wconf 89' lang='lat' dir='ltr'>actus</span> <span class='ocrx_word' id='word_1_90' title='bbox 1033 965 1087 994; x_wconf 91' lang='lat' dir='ltr'>est</span> <span class='ocrx_word' id='word_1_91' title='bbox 1114 958 1255 1007; x_wconf 91' lang='lat' dir='ltr'>aliquid</span> <span class='ocrx_word' id='word_1_92' title='bbox 1283 958 1320 994; x_wconf 90' lang='lat' dir='ltr'>in</span> <span class='ocrx_word' id='word_1_93' title='bbox 1340 959 1424 1008; x_wconf 90' lang='lat' dir='ltr'>ipso</span> 
     </span>
     <span class='ocr_line' id='line_1_21' title="bbox 369 1009 1424 1048; baseline 0.004 -4"><span class='ocrx_word' id='word_1_94' title='bbox 369 1009 539 1045; x_wconf 84' lang='lat' dir='ltr'>existens.</span> <span class='ocrx_word' id='word_1_95' title='bbox 570 1009 671 1046; x_wconf 90' lang='lat' dir='ltr'>Finis</span> <span class='ocrx_word' id='word_1_96' title='bbox 700 1017 827 1046; x_wconf 90' lang='lat' dir='ltr'>autem</span> <span class='ocrx_word' id='word_1_97' title='bbox 857 1017 912 1047; x_wconf 92' lang='lat' dir='ltr'>est</span> <span class='ocrx_word' id='word_1_98' title='bbox 944 1023 1057 1047; x_wconf 89' lang='lat' dir='ltr'>causa</span> <span class='ocrx_word' id='word_1_99' title='bbox 1086 1011 1302 1048; x_wconf 85' lang='lat' dir='ltr'>extrinseca.</span> <span class='ocrx_word' id='word_1_100' title='bbox 1334 1012 1424 1048; x_wconf 93' lang='lat' dir='ltr'>Non</span> 
     </span>
     <span class='ocr_line' id='line_1_22' title="bbox 368 1063 1422 1108; baseline 0.003 -11"><span class='ocrx_word' id='word_1_101' title='bbox 368 1073 456 1108; x_wconf 90' lang='lat' dir='ltr'>ergo</span> <span class='ocrx_word' id='word_1_102' title='bbox 486 1063 697 1099; x_wconf 90' lang='lat' dir='ltr'>secundum</span> <span class='ocrx_word' id='word_1_103' title='bbox 713 1063 830 1100; x_wconf 89' lang='lat' dir='ltr'>finem</span> <span class='ocrx_word' id='word_1_104' title='bbox 847 1063 980 1100; x_wconf 91' lang='lat' dir='ltr'>dicitur</span> <span class='ocrx_word' id='word_1_105' title='bbox 994 1063 1091 1100; x_wconf 89' lang='lat' dir='ltr'>actio</span> <span class='ocrx_word' id='word_1_106' title='bbox 1112 1064 1213 1100; x_wconf 91' lang='lat' dir='ltr'>bona</span> <span class='ocrx_word' id='word_1_107' title='bbox 1232 1065 1292 1100; x_wconf 90' lang='lat' dir='ltr'>vel</span> <span class='ocrx_word' id='word_1_108' title='bbox 1311 1065 1422 1100; x_wconf 90' lang='lat' dir='ltr'>mala.</span> 
     </span>
    </p>

    <p class='ocr_par' dir='ltr' id='par_1_15' title="bbox 364 1115 1424 1470">
     <span class='ocr_line' id='line_1_23' title="bbox 423 1115 1423 1164; baseline 0.001 -13"><span class='ocrx_word' id='word_1_109' title='bbox 423 1115 456 1151; x_wconf 88' lang='lat'>3.</span> <span class='ocrx_word' id='word_1_110' title='bbox 479 1116 710 1162; x_wconf 77' lang='lat' dir='ltr'>PRAETEREA,</span> <span class='ocrx_word' id='word_1_111' title='bbox 732 1116 912 1164; x_wconf 90' lang='lat' dir='ltr'>contingit</span> <span class='ocrx_word' id='word_1_112' title='bbox 933 1116 1097 1164; x_wconf 84' lang='lat' dir='ltr'>aliquam</span> <span class='ocrx_word' id='word_1_113' title='bbox 1118 1116 1261 1152; x_wconf 86' lang='lat' dir='ltr'>bonam</span> <span class='ocrx_word' id='word_1_114' title='bbox 1291 1127 1423 1164; x_wconf 91' lang='lat' dir='ltr'>opera-</span> 
     </span>
     <span class='ocr_line' id='line_1_24' title="bbox 366 1166 1424 1216; baseline 0.004 -14"><span class='ocrx_word' id='word_1_115' title='bbox 366 1166 510 1204; x_wconf 90' lang='lat' dir='ltr'>tionem</span> <span class='ocrx_word' id='word_1_116' title='bbox 539 1169 587 1205; x_wconf 93' lang='lat' dir='ltr'>ad</span> <span class='ocrx_word' id='word_1_117' title='bbox 615 1170 759 1205; x_wconf 91' lang='lat' dir='ltr'>malum</span> <span class='ocrx_word' id='word_1_118' title='bbox 788 1170 906 1206; x_wconf 87' lang='lat' dir='ltr'>finem</span> <span class='ocrx_word' id='word_1_119' title='bbox 931 1169 1107 1216; x_wconf 91' lang='lat' dir='ltr'>ordinari,</span> <span class='ocrx_word' id='word_1_120' title='bbox 1129 1169 1223 1205; x_wconf 91' lang='lat' dir='ltr'>sicut</span> <span class='ocrx_word' id='word_1_121' title='bbox 1251 1181 1338 1206; x_wconf 87' lang='lat' dir='ltr'>curn</span> <span class='ocrx_word' id='word_1_122' title='bbox 1360 1169 1424 1206; x_wconf 91' lang='lat' dir='ltr'>ali-</span> 
     </span>
     <span class='ocr_line' id='line_1_25' title="bbox 367 1220 1421 1270; baseline 0.002 -13"><span class='ocrx_word' id='word_1_123' title='bbox 367 1220 450 1268; x_wconf 88' lang='lat' dir='ltr'>quis</span> <span class='ocrx_word' id='word_1_124' title='bbox 479 1221 542 1258; x_wconf 89' lang='lat' dir='ltr'>dat</span> <span class='ocrx_word' id='word_1_125' title='bbox 570 1223 855 1270; x_wconf 86' lang='lat' dir='ltr'>eleemosynam</span> <span class='ocrx_word' id='word_1_126' title='bbox 878 1229 1033 1270; x_wconf 92' lang='lat' dir='ltr'>propter</span> <span class='ocrx_word' id='word_1_127' title='bbox 1060 1221 1213 1258; x_wconf 91' lang='lat' dir='ltr'>inanem</span> <span class='ocrx_word' id='word_1_128' title='bbox 1241 1222 1421 1269; x_wconf 83' lang='lat' dir='ltr'>gloriam:</span> 
     </span>
     <span class='ocr_line' id='line_1_26' title="bbox 368 1275 1422 1323; baseline 0.003 -14"><span class='ocrx_word' id='word_1_129' title='bbox 368 1280 404 1309; x_wconf 87' lang='lat' dir='ltr'>et</span> <span class='ocrx_word' id='word_1_130' title='bbox 431 1286 452 1310; x_wconf 94' lang='lat' dir='ltr'>e</span> <span class='ocrx_word' id='word_1_131' title='bbox 486 1287 672 1311; x_wconf 90' lang='lat' dir='ltr'>converso</span> <span class='ocrx_word' id='word_1_132' title='bbox 706 1275 871 1323; x_wconf 87' lang='lat' dir='ltr'>aliquam</span> <span class='ocrx_word' id='word_1_133' title='bbox 902 1275 1043 1311; x_wconf 85' lang='lat' dir='ltr'>malam</span> <span class='ocrx_word' id='word_1_134' title='bbox 1072 1275 1334 1323; x_wconf 89' lang='lat' dir='ltr'>operationem</span> <span class='ocrx_word' id='word_1_135' title='bbox 1364 1288 1422 1312; x_wconf 88' lang='lat' dir='ltr'>or—</span> 
     </span>
     <span class='ocr_line' id='line_1_27' title="bbox 369 1326 1424 1376; baseline 0.002 -13"><span class='ocrx_word' id='word_1_136' title='bbox 369 1326 487 1363; x_wconf 91' lang='lat' dir='ltr'>dinari</span> <span class='ocrx_word' id='word_1_137' title='bbox 516 1327 565 1364; x_wconf 91' lang='lat' dir='ltr'>ad</span> <span class='ocrx_word' id='word_1_138' title='bbox 594 1328 739 1364; x_wconf 93' lang='lat' dir='ltr'>bonum</span> <span class='ocrx_word' id='word_1_139' title='bbox 766 1328 897 1374; x_wconf 87' lang='lat' dir='ltr'>finem,</span> <span class='ocrx_word' id='word_1_140' title='bbox 932 1327 1027 1364; x_wconf 91' lang='lat' dir='ltr'>sicut</span> <span class='ocrx_word' id='word_1_141' title='bbox 1055 1340 1143 1364; x_wconf 91' lang='lat' dir='ltr'>cum</span> <span class='ocrx_word' id='word_1_142' title='bbox 1167 1327 1252 1376; x_wconf 91' lang='lat' dir='ltr'>quis</span> <span class='ocrx_word' id='word_1_143' title='bbox 1281 1329 1424 1365; x_wconf 89' lang='lat' dir='ltr'>furatur</span> 
     </span>
     <span class='ocr_line' id='line_1_28' title="bbox 364 1379 1423 1429; baseline 0.002 -13"><span class='ocrx_word' id='word_1_144' title='bbox 364 1386 406 1415; x_wconf 92' lang='lat' dir='ltr'>ut</span> <span class='ocrx_word' id='word_1_145' title='bbox 434 1379 497 1416; x_wconf 92' lang='lat' dir='ltr'>det</span> <span class='ocrx_word' id='word_1_146' title='bbox 523 1380 693 1429; x_wconf 85' lang='lat' dir='ltr'>pauperi.</span> <span class='ocrx_word' id='word_1_147' title='bbox 715 1381 805 1417; x_wconf 92' lang='lat' dir='ltr'>Non</span> <span class='ocrx_word' id='word_1_148' title='bbox 836 1392 924 1428; x_wconf 88' lang='lat' dir='ltr'>ergo</span> <span class='ocrx_word' id='word_1_149' title='bbox 947 1388 1001 1417; x_wconf 91' lang='lat' dir='ltr'>est</span> <span class='ocrx_word' id='word_1_150' title='bbox 1029 1393 1075 1417; x_wconf 87' lang='lat' dir='ltr'>ex</span> <span class='ocrx_word' id='word_1_151' title='bbox 1102 1381 1179 1418; x_wconf 89' lang='lat' dir='ltr'>fine</span> <span class='ocrx_word' id='word_1_152' title='bbox 1203 1381 1301 1418; x_wconf 87' lang='lat' dir='ltr'>actio</span> <span class='ocrx_word' id='word_1_153' title='bbox 1322 1382 1423 1419; x_wconf 89' lang='lat' dir='ltr'>bona</span> 
     </span>
     <span class='ocr_line' id='line_1_29' title="bbox 365 1433 566 1470; baseline 0.01 -2"><span class='ocrx_word' id='word_1_154' title='bbox 365 1433 426 1469; x_wconf 90' lang='lat' dir='ltr'>vel</span> <span class='ocrx_word' id='word_1_155' title='bbox 455 1434 566 1470; x_wconf 90' lang='lat' dir='ltr'>mala.</span> 
     </span>
    </p>

    <p class='ocr_par' dir='ltr' id='par_1_16' title="bbox 364 1486 1422 1682">
     <span class='ocr_line' id='line_1_30' title="bbox 419 1486 1421 1535; baseline 0.002 -13"><span class='ocrx_word' id='word_1_156' title='bbox 419 1486 492 1529; x_wconf 67' lang='lat' dir='ltr'>SED</span> <span class='ocrx_word' id='word_1_157' title='bbox 513 1498 659 1523; x_wconf 75' lang='lat' dir='ltr'>CONTRA</span> <span class='ocrx_word' id='word_1_158' title='bbox 677 1498 743 1522; x_wconf 85' lang='lat' dir='ltr'>EST</span> <span class='ocrx_word' id='word_1_159' title='bbox 763 1486 866 1535; x_wconf 89' lang='lat' dir='ltr'>quod</span> <span class='ocrx_word' id='word_1_160' title='bbox 886 1486 1039 1523; x_wconf 84' lang='lat' dir='ltr'>Boetius</span> <span class='ocrx_word' id='word_1_161' title='bbox 1060 1486 1157 1533; x_wconf 91' lang='lat' dir='ltr'>dicit,</span> <span class='ocrx_word' id='word_1_162' title='bbox 1178 1486 1217 1523; x_wconf 93' lang='lat' dir='ltr'>in</span> <span class='ocrx_word' id='word_1_163' title='bbox 1245 1488 1281 1524; x_wconf 94' lang='lat' dir='ltr'><em>T</em></span> <span class='ocrx_word' id='word_1_164' title='bbox 1275 1487 1370 1535; x_wconf 86' lang='lat' dir='ltr'>opic.</span> <span class='ocrx_word' id='word_1_165' title='bbox 1390 1487 1421 1534; x_wconf 65' lang='lat'>²⁸,</span> 
     </span>
     <span class='ocr_line' id='line_1_31' title="bbox 365 1538 1422 1588; baseline 0.002 -13"><span class='ocrx_word' id='word_1_166' title='bbox 365 1539 469 1586; x_wconf 90' lang='lat' dir='ltr'>quod</span> <span class='ocrx_word' id='word_1_167' title='bbox 489 1540 593 1576; x_wconf 82' lang='lat' dir='ltr'>cuius</span> <span class='ocrx_word' id='word_1_168' title='bbox 601 1540 696 1587; x_wconf 82' lang='lat' dir='ltr'>finis</span> <span class='ocrx_word' id='word_1_169' title='bbox 715 1540 833 1576; x_wconf 84' lang='lat' dir='ltr'>honus</span> <span class='ocrx_word' id='word_1_170' title='bbox 857 1544 920 1585; x_wconf 79' lang='lat' dir='ltr'>est,</span> <span class='ocrx_word' id='word_1_171' title='bbox 941 1539 1062 1587; x_wconf 83' lang='lat' dir='ltr'>ipsum</span> <span class='ocrx_word' id='word_1_172' title='bbox 1082 1551 1228 1588; x_wconf 87' lang='lat' dir='ltr'>quoque</span> <span class='ocrx_word' id='word_1_173' title='bbox 1248 1538 1262 1569; x_wconf 72' lang='grc' dir='ltr'><strong>β</strong></span> <span class='ocrx_word' id='word_1_174' title='bbox 1281 1541 1422 1577; x_wconf 85' lang='lat' dir='ltr'>honum</span> 
     </span>
     <span class='ocr_line' id='line_1_32' title="bbox 364 1592 1422 1640; baseline 0.002 -12"><span class='ocrx_word' id='word_1_175' title='bbox 364 1597 437 1628; x_wconf 85' lang='lat' dir='ltr'>est:</span> <span class='ocrx_word' id='word_1_176' title='bbox 465 1598 501 1628; x_wconf 87' lang='lat' dir='ltr'>et</span> <span class='ocrx_word' id='word_1_177' title='bbox 526 1593 631 1629; x_wconf 85' lang='lat' dir='ltr'>cuius</span> <span class='ocrx_word' id='word_1_178' title='bbox 647 1592 743 1640; x_wconf 84' lang='lat' dir='ltr'>finis</span> <span class='ocrx_word' id='word_1_179' title='bbox 770 1592 893 1629; x_wconf 84' lang='lat' dir='ltr'>malus</span> <span class='ocrx_word' id='word_1_180' title='bbox 920 1598 989 1639; x_wconf 84' lang='lat' dir='ltr'>est,</span> <span class='ocrx_word' id='word_1_181' title='bbox 1016 1593 1135 1640; x_wconf 82' lang='lat' dir='ltr'>ipsum</span> <span class='ocrx_word' id='word_1_182' title='bbox 1169 1604 1316 1640; x_wconf 83' lang='lat' dir='ltr'>quoque</span> <span class='ocrx_word' id='word_1_183' title='bbox 1343 1605 1422 1630; x_wconf 89' lang='lat' dir='ltr'>ma-</span> 
     </span>
     <span class='ocr_line' id='line_1_33' title="bbox 365 1645 532 1682; baseline 0.006 -1"><span class='ocrx_word' id='word_1_184' title='bbox 365 1645 442 1681; x_wconf 90' lang='lat' dir='ltr'>lum</span> <span class='ocrx_word' id='word_1_185' title='bbox 469 1650 532 1682; x_wconf 80' lang='lat' dir='ltr'>est.</span> 
     </span>
    </p>

    <p class='ocr_par' dir='ltr' id='par_1_17' title="bbox 362 1697 1425 2276">
     <span class='ocr_line' id='line_1_34' title="bbox 418 1697 1421 1746; baseline -0.002 -11"><span class='ocrx_word' id='word_1_186' title='bbox 418 1699 642 1735; x_wconf 72' lang='lat' dir='ltr'>REspounao</span> <span class='ocrx_word' id='word_1_187' title='bbox 663 1709 845 1735; x_wconf 72' lang='lat' dir='ltr'>mcaunum</span> <span class='ocrx_word' id='word_1_188' title='bbox 866 1697 969 1745; x_wconf 92' lang='lat' dir='ltr'>quod</span> <span class='ocrx_word' id='word_1_189' title='bbox 988 1698 1123 1734; x_wconf 90' lang='lat' dir='ltr'>eadem</span> <span class='ocrx_word' id='word_1_190' title='bbox 1152 1704 1207 1733; x_wconf 83' lang='lat' dir='ltr'>est</span> <span class='ocrx_word' id='word_1_191' title='bbox 1227 1697 1421 1746; x_wconf 87' lang='lat' dir='ltr'>dispositio</span> 
     </span>
     <span class='ocr_line' id='line_1_35' title="bbox 365 1749 1422 1799; baseline -0.001 -11"><span class='ocrx_word' id='word_1_192' title='bbox 365 1763 492 1788; x_wconf 89' lang='lat' dir='ltr'>rerum</span> <span class='ocrx_word' id='word_1_193' title='bbox 521 1751 559 1788; x_wconf 92' lang='lat' dir='ltr'>in</span> <span class='ocrx_word' id='word_1_194' title='bbox 588 1750 766 1797; x_wconf 90' lang='lat' dir='ltr'>bonitate,</span> <span class='ocrx_word' id='word_1_195' title='bbox 793 1758 829 1787; x_wconf 93' lang='lat' dir='ltr'>et</span> <span class='ocrx_word' id='word_1_196' title='bbox 855 1750 894 1786; x_wconf 93' lang='lat' dir='ltr'>in</span> <span class='ocrx_word' id='word_1_197' title='bbox 923 1762 1015 1786; x_wconf 91' lang='lat' dir='ltr'>esse.</span> <span class='ocrx_word' id='word_1_198' title='bbox 1048 1751 1144 1786; x_wconf 90' lang='lat' dir='ltr'>Sunt</span> <span class='ocrx_word' id='word_1_199' title='bbox 1178 1749 1279 1787; x_wconf 93' lang='lat' dir='ltr'>enim</span> <span class='ocrx_word' id='word_1_200' title='bbox 1309 1763 1422 1799; x_wconf 90' lang='lat' dir='ltr'>quae-</span> 
     </span>
     <span class='ocr_line' id='line_1_36' title="bbox 364 1802 1423 1852; baseline -0.002 -11"><span class='ocrx_word' id='word_1_201' title='bbox 364 1805 453 1841; x_wconf 89' lang='lat' dir='ltr'>dam</span> <span class='ocrx_word' id='word_1_202' title='bbox 483 1816 645 1852; x_wconf 91' lang='lat' dir='ltr'>quorum</span> <span class='ocrx_word' id='word_1_203' title='bbox 676 1816 757 1840; x_wconf 89' lang='lat' dir='ltr'>esse</span> <span class='ocrx_word' id='word_1_204' title='bbox 786 1815 831 1840; x_wconf 83' lang='lat' dir='ltr'>ex</span> <span class='ocrx_word' id='word_1_205' title='bbox 859 1803 932 1839; x_wconf 91' lang='lat' dir='ltr'>alio</span> <span class='ocrx_word' id='word_1_206' title='bbox 961 1815 1040 1839; x_wconf 92' lang='lat' dir='ltr'>non</span> <span class='ocrx_word' id='word_1_207' title='bbox 1078 1802 1284 1851; x_wconf 89' lang='lat' dir='ltr'>dependet:</span> <span class='ocrx_word' id='word_1_208' title='bbox 1322 1810 1358 1840; x_wconf 92' lang='lat' dir='ltr'>et</span> <span class='ocrx_word' id='word_1_209' title='bbox 1384 1803 1423 1840; x_wconf 91' lang='lat' dir='ltr'>in</span> 
     </span>
     <span class='ocr_line' id='line_1_37' title="bbox 364 1856 1422 1904; baseline -0.002 -10"><span class='ocrx_word' id='word_1_210' title='bbox 364 1857 421 1894; x_wconf 89' lang='lat' dir='ltr'>his</span> <span class='ocrx_word' id='word_1_211' title='bbox 450 1857 586 1894; x_wconf 92' lang='lat' dir='ltr'>sufficit</span> <span class='ocrx_word' id='word_1_212' title='bbox 615 1856 852 1894; x_wconf 87' lang='lat' dir='ltr'>considerare</span> <span class='ocrx_word' id='word_1_213' title='bbox 880 1856 1006 1904; x_wconf 91' lang='lat' dir='ltr'>ipsum</span> <span class='ocrx_word' id='word_1_214' title='bbox 1034 1868 1169 1892; x_wconf 92' lang='lat' dir='ltr'>eorum</span> <span class='ocrx_word' id='word_1_215' title='bbox 1199 1868 1282 1899; x_wconf 87' lang='lat' dir='ltr'>esse</span> <span class='ocrx_word' id='word_1_216' title='bbox 1311 1857 1422 1893; x_wconf 90' lang='lat' dir='ltr'>abso-</span> 
     </span>
     <span class='ocr_line' id='line_1_38' title="bbox 363 1908 1423 1958; baseline 0 -12"><span class='ocrx_word' id='word_1_217' title='bbox 363 1911 451 1947; x_wconf 92' lang='lat' dir='ltr'>lute.</span> <span class='ocrx_word' id='word_1_218' title='bbox 475 1910 675 1956; x_wconf 83' lang='lat' dir='ltr'>Quaedam</span> <span class='ocrx_word' id='word_1_219' title='bbox 694 1921 788 1946; x_wconf 83' lang='lat' dir='ltr'>vero</span> <span class='ocrx_word' id='word_1_220' title='bbox 817 1908 904 1945; x_wconf 83' lang='lat' dir='ltr'>sunt</span> <span class='ocrx_word' id='word_1_221' title='bbox 937 1921 1102 1957; x_wconf 91' lang='lat' dir='ltr'>quorum</span> <span class='ocrx_word' id='word_1_222' title='bbox 1126 1921 1207 1945; x_wconf 92' lang='lat' dir='ltr'>esse</span> <span class='ocrx_word' id='word_1_223' title='bbox 1233 1909 1423 1958; x_wconf 90' lang='lat' dir='ltr'>dependet</span> 
     </span>
     <span class='ocr_line' id='line_1_39' title="bbox 364 1961 1425 2011; baseline -0.001 -12"><span class='ocrx_word' id='word_1_224' title='bbox 364 1963 412 1999; x_wconf 88' lang='lat' dir='ltr'>ab</span> <span class='ocrx_word' id='word_1_225' title='bbox 441 1963 535 1999; x_wconf 91' lang='lat' dir='ltr'>alio:</span> <span class='ocrx_word' id='word_1_226' title='bbox 572 1963 675 1999; x_wconf 91' lang='lat' dir='ltr'>unde</span> <span class='ocrx_word' id='word_1_227' title='bbox 710 1969 860 2010; x_wconf 85' lang='lat' dir='ltr'>oportet</span> <span class='ocrx_word' id='word_1_228' title='bbox 888 1961 993 2010; x_wconf 89' lang='lat' dir='ltr'>quod</span> <span class='ocrx_word' id='word_1_229' title='bbox 1027 1962 1287 1999; x_wconf 89' lang='lat' dir='ltr'>consideretur</span> <span class='ocrx_word' id='word_1_230' title='bbox 1313 1967 1328 1990; x_wconf 73' lang='grc' dir='ltr'><strong>Υ</strong></span> <span class='ocrx_word' id='word_1_231' title='bbox 1356 1975 1425 2011; x_wconf 92' lang='lat' dir='ltr'>per</span> 
     </span>
     <span class='ocr_line' id='line_1_40' title="bbox 365 2015 1424 2064; baseline 0 -12"><span class='ocrx_word' id='word_1_232' title='bbox 365 2015 707 2053; x_wconf 87' lang='lat' dir='ltr'>considerationem</span> <span class='ocrx_word' id='word_1_233' title='bbox 725 2015 774 2052; x_wconf 91' lang='lat' dir='ltr'>ad</span> <span class='ocrx_word' id='word_1_234' title='bbox 794 2027 949 2052; x_wconf 89' lang='lat' dir='ltr'>causam</span> <span class='ocrx_word' id='word_1_235' title='bbox 965 2027 987 2051; x_wconf 91' lang='lat' dir='ltr'>a</span> <span class='ocrx_word' id='word_1_236' title='bbox 1006 2027 1082 2062; x_wconf 88' lang='lat' dir='ltr'>qua</span> <span class='ocrx_word' id='word_1_237' title='bbox 1097 2015 1298 2064; x_wconf 88' lang='lat' dir='ltr'>dependet.</span> <span class='ocrx_word' id='word_1_238' title='bbox 1320 2015 1424 2052; x_wconf 90' lang='lat' dir='ltr'>Sicut</span> 
     </span>
     <span class='ocr_line' id='line_1_41' title="bbox 363 2068 1423 2117; baseline 0.002 -13"><span class='ocrx_word' id='word_1_239' title='bbox 363 2076 491 2105; x_wconf 90' lang='lat' dir='ltr'>autem</span> <span class='ocrx_word' id='word_1_240' title='bbox 512 2081 594 2106; x_wconf 90' lang='lat' dir='ltr'>esse</span> <span class='ocrx_word' id='word_1_241' title='bbox 624 2068 678 2105; x_wconf 92' lang='lat' dir='ltr'>rei</span> <span class='ocrx_word' id='word_1_242' title='bbox 706 2068 898 2117; x_wconf 89' lang='lat' dir='ltr'>dependet</span> <span class='ocrx_word' id='word_1_243' title='bbox 923 2068 970 2104; x_wconf 93' lang='lat' dir='ltr'>ab</span> <span class='ocrx_word' id='word_1_244' title='bbox 1000 2075 1133 2115; x_wconf 90' lang='lat' dir='ltr'>agente</span> <span class='ocrx_word' id='word_1_245' title='bbox 1154 2075 1190 2105; x_wconf 87' lang='lat' dir='ltr'>et</span> <span class='ocrx_word' id='word_1_246' title='bbox 1208 2068 1343 2114; x_wconf 89' lang='lat' dir='ltr'>forma,</span> <span class='ocrx_word' id='word_1_247' title='bbox 1373 2069 1423 2106; x_wconf 90' lang='lat' dir='ltr'>ita</span> 
     </span>
     <span class='ocr_line' id='line_1_42' title="bbox 363 2121 1423 2169; baseline 0 -11"><span class='ocrx_word' id='word_1_248' title='bbox 363 2122 510 2158; x_wconf 86' lang='lat' dir='ltr'>bonitas</span> <span class='ocrx_word' id='word_1_249' title='bbox 545 2122 598 2159; x_wconf 90' lang='lat' dir='ltr'>rei</span> <span class='ocrx_word' id='word_1_250' title='bbox 637 2121 827 2169; x_wconf 91' lang='lat' dir='ltr'>dependet</span> <span class='ocrx_word' id='word_1_251' title='bbox 855 2133 876 2158; x_wconf 88' lang='lat' dir='ltr'>a</span> <span class='ocrx_word' id='word_1_252' title='bbox 904 2121 993 2157; x_wconf 90' lang='lat' dir='ltr'>fine.</span> <span class='ocrx_word' id='word_1_253' title='bbox 1028 2121 1139 2158; x_wconf 91' lang='lat' dir='ltr'>Unde</span> <span class='ocrx_word' id='word_1_254' title='bbox 1173 2121 1211 2159; x_wconf 91' lang='lat' dir='ltr'>in</span> <span class='ocrx_word' id='word_1_255' title='bbox 1245 2121 1423 2159; x_wconf 90' lang='lat' dir='ltr'>Personis</span> 
     </span>
     <span class='ocr_line' id='line_1_43' title="bbox 364 2174 1421 2223; baseline 0 -11"><span class='ocrx_word' id='word_1_256' title='bbox 364 2174 511 2221; x_wconf 88' lang='lat' dir='ltr'>divinis,</span> <span class='ocrx_word' id='word_1_257' title='bbox 533 2187 630 2223; x_wconf 91' lang='lat' dir='ltr'>quae</span> <span class='ocrx_word' id='word_1_258' title='bbox 650 2186 729 2211; x_wconf 88' lang='lat' dir='ltr'>non</span> <span class='ocrx_word' id='word_1_259' title='bbox 748 2175 890 2211; x_wconf 88' lang='lat' dir='ltr'>habent</span> <span class='ocrx_word' id='word_1_260' title='bbox 909 2174 1120 2210; x_wconf 89' lang='lat' dir='ltr'>bonitatem</span> <span class='ocrx_word' id='word_1_261' title='bbox 1140 2174 1421 2222; x_wconf 87' lang='lat' dir='ltr'>dependentem</span> 
     </span>
     <span class='ocr_line' id='line_1_44' title="bbox 362 2227 1422 2276; baseline -0.001 -12"><span class='ocrx_word' id='word_1_262' title='bbox 362 2229 410 2264; x_wconf 93' lang='lat' dir='ltr'>ab</span> <span class='ocrx_word' id='word_1_263' title='bbox 440 2228 533 2276; x_wconf 90' lang='lat' dir='ltr'>alio,</span> <span class='ocrx_word' id='word_1_264' title='bbox 563 2240 642 2264; x_wconf 90' lang='lat' dir='ltr'>non</span> <span class='ocrx_word' id='word_1_265' title='bbox 671 2227 930 2264; x_wconf 90' lang='lat' dir='ltr'>consideratur</span> <span class='ocrx_word' id='word_1_266' title='bbox 968 2227 1093 2276; x_wconf 87' lang='lat' dir='ltr'>aliqua</span> <span class='ocrx_word' id='word_1_267' title='bbox 1123 2227 1216 2263; x_wconf 91' lang='lat' dir='ltr'>ratio</span> <span class='ocrx_word' id='word_1_268' title='bbox 1246 2227 1422 2264; x_wconf 87' lang='lat' dir='ltr'>bonitatis</span> 
     </span>
    </p>
   </div>
   <div class='ocr_carea' id='block_1_14' title="bbox 417 2341 958 2376">
    <p class='ocr_par' dir='ltr' id='par_1_18' title="bbox 417 2341 958 2376">
     <span class='ocr_line' id='line_1_45' title="bbox 417 2341 958 2376; baseline -0.007 -8"><span class='ocrx_word' id='word_1_269' title='bbox 417 2345 443 2376; x_wconf 87' lang='grc' dir='ltr'>α)</span> <span class='ocrx_word' id='word_1_270' title='bbox 464 2343 642 2368; x_wconf 79' lang='lat' dir='ltr'>derivaretur.</span> <span class='ocrx_word' id='word_1_271' title='bbox 660 2355 678 2360; x_wconf 91' lang='lat'>·—</span> <span class='ocrx_word' id='word_1_272' title='bbox 697 2341 830 2366; x_wconf 80' lang='lat' dir='ltr'>diceretur</span> <span class='ocrx_word' id='word_1_273' title='bbox 849 2341 958 2365; x_wconf 84' lang='lat' dir='ltr'>codices.</span> 
     </span>
    </p>
   </div>
   <div class='ocr_carea' id='block_1_15' title="bbox 1449 684 1455 1188">
    <p class='ocr_par' dir='ltr' id='par_1_19' title="bbox 1449 684 1455 1188">
     <span class='ocr_line' id='line_1_46' title="bbox 1449 684 1455 1188; baseline 0 0"><span class='ocrx_word' id='word_1_274' title='bbox 1449 684 1455 1188; x_wconf 95' lang='lat' dir='ltr'> </span> 
     </span>
    </p>
   </div>
   <div class='ocr_carea' id='block_1_16' title="bbox 1447 2163 1451 2267">
    <p class='ocr_par' dir='ltr' id='par_1_20' title="bbox 1447 2163 1451 2267">
     <span class='ocr_line' id='line_1_47' title="bbox 1447 2163 1451 2267; baseline 0 0"><span class='ocrx_word' id='word_1_275' title='bbox 1447 2163 1451 2267; x_wconf 95' lang='lat' dir='ltr'> </span> 
     </span>
    </p>
   </div>
   <div class='ocr_carea' id='block_1_17' title="bbox 1477 589 2549 1957">
    <p class='ocr_par' dir='ltr' id='par_1_21' title="bbox 1481 589 2540 796">
     <span class='ocr_line' id='line_1_48' title="bbox 1484 589 2540 643; baseline 0.009 -20"><span class='ocrx_word' id='word_1_276' title='bbox 1484 599 1528 624; x_wconf 87' lang='lat' dir='ltr'>ex</span> <span class='ocrx_word' id='word_1_277' title='bbox 1555 589 1644 625; x_wconf 91' lang='lat' dir='ltr'>fine.</span> <span class='ocrx_word' id='word_1_278' title='bbox 1665 589 1845 627; x_wconf 88' lang='lat' dir='ltr'>Actiones</span> <span class='ocrx_word' id='word_1_279' title='bbox 1874 599 2002 629; x_wconf 89' lang='lat' dir='ltr'>autem</span> <span class='ocrx_word' id='word_1_280' title='bbox 2038 594 2241 641; x_wconf 82' lang='lat' dir='ltr'>humanae,</span> <span class='ocrx_word' id='word_1_281' title='bbox 2273 601 2308 631; x_wconf 88' lang='lat' dir='ltr'>et</span> <span class='ocrx_word' id='word_1_282' title='bbox 2336 594 2407 631; x_wconf 91' lang='lat' dir='ltr'>alia</span> <span class='ocrx_word' id='word_1_283' title='bbox 2443 607 2540 643; x_wconf 86' lang='lat' dir='ltr'>quo-</span> 
     </span>
     <span class='ocr_line' id='line_1_49' title="bbox 1483 641 2536 693; baseline 0.008 -17"><span class='ocrx_word' id='word_1_284' title='bbox 1483 653 1568 677; x_wconf 91' lang='lat' dir='ltr'>rum</span> <span class='ocrx_word' id='word_1_285' title='bbox 1598 641 1745 679; x_wconf 87' lang='lat' dir='ltr'>bonitas</span> <span class='ocrx_word' id='word_1_286' title='bbox 1775 643 1964 692; x_wconf 92' lang='lat' dir='ltr'>dependet</span> <span class='ocrx_word' id='word_1_287' title='bbox 1991 645 2038 682; x_wconf 91' lang='lat' dir='ltr'>ab</span> <span class='ocrx_word' id='word_1_288' title='bbox 2066 645 2158 693; x_wconf 90' lang='lat' dir='ltr'>alio,</span> <span class='ocrx_word' id='word_1_289' title='bbox 2182 647 2325 684; x_wconf 87' lang='lat' dir='ltr'>habent</span> <span class='ocrx_word' id='word_1_290' title='bbox 2353 647 2536 684; x_wconf 88' lang='lat' dir='ltr'>rationem</span> 
     </span>
     <span class='ocr_line' id='line_1_50' title="bbox 1482 693 2538 748; baseline 0.008 -19"><span class='ocrx_word' id='word_1_291' title='bbox 1482 693 1658 730; x_wconf 91' lang='lat' dir='ltr'>bonitatis</span> <span class='ocrx_word' id='word_1_292' title='bbox 1688 707 1732 731; x_wconf 87' lang='lat' dir='ltr'>ex</span> <span class='ocrx_word' id='word_1_293' title='bbox 1760 695 1837 732; x_wconf 89' lang='lat' dir='ltr'>fine</span> <span class='ocrx_word' id='word_1_294' title='bbox 1857 709 1879 732; x_wconf 89' lang='lat' dir='ltr'>a</span> <span class='ocrx_word' id='word_1_295' title='bbox 1899 709 1975 745; x_wconf 94' lang='lat' dir='ltr'>quo</span> <span class='ocrx_word' id='word_1_296' title='bbox 1995 698 2224 747; x_wconf 86' lang='lat' dir='ltr'>dependent,</span> <span class='ocrx_word' id='word_1_297' title='bbox 2253 707 2402 748; x_wconf 88' lang='lat' dir='ltr'>praeter</span> <span class='ocrx_word' id='word_1_298' title='bbox 2430 701 2538 742; x_wconf 89' lang='lat' dir='ltr'>boni-</span> 
     </span>
     <span class='ocr_line' id='line_1_51' title="bbox 1481 747 2277 796; baseline 0.009 -14"><span class='ocrx_word' id='word_1_299' title='bbox 1481 754 1597 783; x_wconf 88' lang='lat' dir='ltr'>tatem</span> <span class='ocrx_word' id='word_1_300' title='bbox 1626 747 1839 785; x_wconf 88' lang='lat' dir='ltr'>absolutam</span> <span class='ocrx_word' id='word_1_301' title='bbox 1873 761 1971 796; x_wconf 90' lang='lat' dir='ltr'>quae</span> <span class='ocrx_word' id='word_1_302' title='bbox 1998 750 2037 786; x_wconf 90' lang='lat' dir='ltr'>in</span> <span class='ocrx_word' id='word_1_303' title='bbox 2065 751 2118 787; x_wconf 90' lang='lat' dir='ltr'>eis</span> <span class='ocrx_word' id='word_1_304' title='bbox 2147 751 2277 789; x_wconf 86' lang='lat' dir='ltr'>existit.</span> 
     </span>
    </p>

    <p class='ocr_par' dir='ltr' id='par_1_22' title="bbox 1477 799 2536 1312">
     <span class='ocr_line' id='line_1_52' title="bbox 1535 799 2536 854; baseline 0.008 -19"><span class='ocrx_word' id='word_1_305' title='bbox 1535 799 1597 836; x_wconf 91' lang='lat' dir='ltr'>Sic</span> <span class='ocrx_word' id='word_1_306' title='bbox 1625 799 1735 847; x_wconf 88' lang='lat' dir='ltr'>igitur</span> <span class='ocrx_word' id='word_1_307' title='bbox 1761 800 1800 837; x_wconf 88' lang='lat' dir='ltr'>in</span> <span class='ocrx_word' id='word_1_308' title='bbox 1828 801 1976 838; x_wconf 91' lang='lat' dir='ltr'>actione</span> <span class='ocrx_word' id='word_1_309' title='bbox 1994 803 2164 840; x_wconf 85' lang='lat' dir='ltr'>humana</span> <span class='ocrx_word' id='word_1_310' title='bbox 2195 805 2344 842; x_wconf 84' lang='lat' dir='ltr'>bonitas</span> <span class='ocrx_word' id='word_1_311' title='bbox 2372 806 2536 854; x_wconf 87' lang='lat' dir='ltr'>quadru-</span> 
     </span>
     <span class='ocr_line' id='line_1_53' title="bbox 1479 853 2535 903; baseline 0.008 -15"><span class='ocrx_word' id='word_1_312' title='bbox 1479 853 1567 901; x_wconf 89' lang='lat' dir='ltr'>plex</span> <span class='ocrx_word' id='word_1_313' title='bbox 1596 853 1826 890; x_wconf 90' lang='lat' dir='ltr'>considerari</span> <span class='ocrx_word' id='word_1_314' title='bbox 1860 861 1995 902; x_wconf 88' lang='lat' dir='ltr'>potest.</span> <span class='ocrx_word' id='word_1_315' title='bbox 2026 855 2112 892; x_wconf 88' lang='lat' dir='ltr'>Una</span> <span class='ocrx_word' id='word_1_316' title='bbox 2139 856 2295 903; x_wconf 90' lang='lat' dir='ltr'>quidem</span> <span class='ocrx_word' id='word_1_317' title='bbox 2323 859 2535 895; x_wconf 89' lang='lat' dir='ltr'>secundum</span> 
     </span>
     <span class='ocr_line' id='line_1_54' title="bbox 1479 907 2535 959; baseline 0.007 -18"><span class='ocrx_word' id='word_1_318' title='bbox 1479 917 1623 953; x_wconf 88' lang='lat' dir='ltr'>genus,</span> <span class='ocrx_word' id='word_1_319' title='bbox 1657 914 1772 954; x_wconf 91' lang='lat' dir='ltr'>prout</span> <span class='ocrx_word' id='word_1_320' title='bbox 1807 907 1946 944; x_wconf 88' lang='lat' dir='ltr'>scilicet</span> <span class='ocrx_word' id='word_1_321' title='bbox 1979 915 2034 944; x_wconf 93' lang='lat' dir='ltr'>est</span> <span class='ocrx_word' id='word_1_322' title='bbox 2075 908 2192 945; x_wconf 90' lang='lat' dir='ltr'>actio:</span> <span class='ocrx_word' id='word_1_323' title='bbox 2231 910 2319 958; x_wconf 91' lang='lat' dir='ltr'>quia</span> <span class='ocrx_word' id='word_1_324' title='bbox 2351 919 2535 959; x_wconf 88' lang='lat' dir='ltr'>quantum</span> 
     </span>
     <span class='ocr_line' id='line_1_55' title="bbox 1479 958 2535 1007; baseline 0.007 -13"><span class='ocrx_word' id='word_1_325' title='bbox 1479 958 1593 994; x_wconf 91' lang='lat' dir='ltr'>habet</span> <span class='ocrx_word' id='word_1_326' title='bbox 1631 959 1677 995; x_wconf 91' lang='lat' dir='ltr'>de</span> <span class='ocrx_word' id='word_1_327' title='bbox 1716 959 1862 996; x_wconf 86' lang='lat' dir='ltr'>actione</span> <span class='ocrx_word' id='word_1_328' title='bbox 1892 967 1928 996; x_wconf 91' lang='lat' dir='ltr'>et</span> <span class='ocrx_word' id='word_1_329' title='bbox 1957 960 2132 1007; x_wconf 90' lang='lat' dir='ltr'>entitate,</span> <span class='ocrx_word' id='word_1_330' title='bbox 2166 968 2311 999; x_wconf 87' lang='lat' dir='ltr'>tantum</span> <span class='ocrx_word' id='word_1_331' title='bbox 2346 964 2461 1000; x_wconf 92' lang='lat' dir='ltr'>habet</span> <span class='ocrx_word' id='word_1_332' title='bbox 2488 964 2535 1000; x_wconf 91' lang='lat' dir='ltr'>de</span> 
     </span>
     <span class='ocr_line' id='line_1_56' title="bbox 1480 1010 2534 1058; baseline 0.007 -12"><span class='ocrx_word' id='word_1_333' title='bbox 1480 1010 1667 1058; x_wconf 89' lang='lat' dir='ltr'>bonitate,</span> <span class='ocrx_word' id='word_1_334' title='bbox 1696 1019 1738 1048; x_wconf 90' lang='lat' dir='ltr'>ut</span> <span class='ocrx_word' id='word_1_335' title='bbox 1766 1012 1908 1048; x_wconf 91' lang='lat' dir='ltr'>dictum</span> <span class='ocrx_word' id='word_1_336' title='bbox 1938 1020 1993 1049; x_wconf 91' lang='lat' dir='ltr'>est</span> <span class='ocrx_word' id='word_1_337' title='bbox 2019 1012 2049 1049; x_wconf 69' lang='lat'>³¹².</span> <span class='ocrx_word' id='word_1_338' title='bbox 2079 1013 2164 1049; x_wconf 90' lang='lat' dir='ltr'>Alia</span> <span class='ocrx_word' id='word_1_339' title='bbox 2200 1026 2294 1051; x_wconf 86' lang='lat' dir='ltr'>vero</span> <span class='ocrx_word' id='word_1_340' title='bbox 2323 1017 2534 1053; x_wconf 90' lang='lat' dir='ltr'>secundum</span> 
     </span>
     <span class='ocr_line' id='line_1_57' title="bbox 1479 1063 2535 1114; baseline 0.007 -15"><span class='ocrx_word' id='word_1_341' title='bbox 1479 1063 1663 1111; x_wconf 90' lang='lat' dir='ltr'>speciem:</span> <span class='ocrx_word' id='word_1_342' title='bbox 1685 1076 1782 1112; x_wconf 92' lang='lat' dir='ltr'>quae</span> <span class='ocrx_word' id='word_1_343' title='bbox 1802 1065 1982 1114; x_wconf 86' lang='lat' dir='ltr'>accipitur</span> <span class='ocrx_word' id='word_1_344' title='bbox 2002 1066 2212 1102; x_wconf 91' lang='lat' dir='ltr'>secundum</span> <span class='ocrx_word' id='word_1_345' title='bbox 2234 1066 2426 1106; x_wconf 91' lang='lat' dir='ltr'>obiectum</span> <span class='ocrx_word' id='word_1_346' title='bbox 2446 1082 2535 1106; x_wconf 90' lang='lat' dir='ltr'>con-</span> 
     </span>
     <span class='ocr_line' id='line_1_58' title="bbox 1477 1115 2536 1169; baseline 0.007 -18"><span class='ocrx_word' id='word_1_347' title='bbox 1477 1115 1648 1152; x_wconf 90' lang='lat' dir='ltr'>veniens.</span> <span class='ocrx_word' id='word_1_348' title='bbox 1679 1117 1809 1153; x_wconf 91' lang='lat' dir='ltr'>Tertia</span> <span class='ocrx_word' id='word_1_349' title='bbox 1837 1117 2051 1155; x_wconf 91' lang='lat' dir='ltr'>secundum</span> <span class='ocrx_word' id='word_1_350' title='bbox 2080 1118 2397 1168; x_wconf 85' lang='lat' dir='ltr'>circumstantias,</span> <span class='ocrx_word' id='word_1_351' title='bbox 2427 1122 2536 1169; x_wconf 89' lang='lat' dir='ltr'>quasi</span> 
     </span>
     <span class='ocr_line' id='line_1_59' title="bbox 1478 1169 2535 1220; baseline 0.007 -16"><span class='ocrx_word' id='word_1_352' title='bbox 1478 1169 1689 1206; x_wconf 92' lang='lat' dir='ltr'>secundum</span> <span class='ocrx_word' id='word_1_353' title='bbox 1709 1170 1917 1207; x_wconf 88' lang='lat' dir='ltr'>accidentia</span> <span class='ocrx_word' id='word_1_354' title='bbox 1936 1171 2139 1220; x_wconf 89' lang='lat' dir='ltr'>quaedam.</span> <span class='ocrx_word' id='word_1_355' title='bbox 2161 1172 2305 1218; x_wconf 87' lang='lat' dir='ltr'>Quarta</span> <span class='ocrx_word' id='word_1_356' title='bbox 2333 1181 2460 1210; x_wconf 90' lang='lat' dir='ltr'>autem</span> <span class='ocrx_word' id='word_1_357' title='bbox 2479 1186 2535 1211; x_wconf 91' lang='lat' dir='ltr'>se—</span> 
     </span>
     <span class='ocr_line' id='line_1_60' title="bbox 1479 1221 2536 1272; baseline 0.005 -14"><span class='ocrx_word' id='word_1_358' title='bbox 1479 1221 1649 1259; x_wconf 90' lang='lat' dir='ltr'>cundum</span> <span class='ocrx_word' id='word_1_359' title='bbox 1676 1222 1807 1269; x_wconf 90' lang='lat' dir='ltr'>finem,</span> <span class='ocrx_word' id='word_1_360' title='bbox 1837 1223 1944 1272; x_wconf 89' lang='lat' dir='ltr'>quasi</span> <span class='ocrx_word' id='word_1_361' title='bbox 1973 1225 2185 1270; x_wconf 86' lang='lat' dir='ltr'>secundum</span> <span class='ocrx_word' id='word_1_362' title='bbox 2205 1225 2466 1263; x_wconf 86' lang='lat' dir='ltr'>habitudinem</span> <span class='ocrx_word' id='word_1_363' title='bbox 2487 1226 2536 1264; x_wconf 90' lang='lat' dir='ltr'>ad</span> 
     </span>
     <span class='ocr_line' id='line_1_61' title="bbox 1479 1275 1850 1312; baseline 0.003 -1"><span class='ocrx_word' id='word_1_364' title='bbox 1479 1287 1634 1311; x_wconf 88' lang='lat' dir='ltr'>causam</span> <span class='ocrx_word' id='word_1_365' title='bbox 1663 1275 1850 1312; x_wconf 91' lang='lat' dir='ltr'>bonitatis.</span> 
     </span>
    </p>

    <p class='ocr_par' dir='ltr' id='par_1_23' title="bbox 1477 1329 2536 1588">
     <span class='ocr_line' id='line_1_62' title="bbox 1531 1329 2536 1381; baseline 0.005 -17"><span class='ocrx_word' id='word_1_366' title='bbox 1531 1329 1590 1364; x_wconf 87' lang='lat' dir='ltr'>An</span> <span class='ocrx_word' id='word_1_367' title='bbox 1605 1339 1742 1364; x_wconf 73' lang='lat' dir='ltr'>ramum</span> <span class='ocrx_word' id='word_1_368' title='bbox 1757 1340 1855 1365; x_wconf 82' lang='lat' dir='ltr'>ERGO</span> <span class='ocrx_word' id='word_1_369' title='bbox 1870 1340 2054 1366; x_wconf 77' lang='lat' dir='ltr'>nicENDUM</span> <span class='ocrx_word' id='word_1_370' title='bbox 2069 1330 2175 1377; x_wconf 89' lang='lat' dir='ltr'>quod</span> <span class='ocrx_word' id='word_1_371' title='bbox 2196 1331 2341 1367; x_wconf 91' lang='lat' dir='ltr'>bonum</span> <span class='ocrx_word' id='word_1_372' title='bbox 2362 1331 2412 1368; x_wconf 92' lang='lat' dir='ltr'>ad</span> <span class='ocrx_word' id='word_1_373' title='bbox 2431 1331 2536 1381; x_wconf 85' lang='lat' dir='ltr'>quod</span> 
     </span>
     <span class='ocr_line' id='line_1_63' title="bbox 1478 1380 2534 1432; baseline 0.005 -15"><span class='ocrx_word' id='word_1_374' title='bbox 1478 1380 1611 1428; x_wconf 90' lang='lat' dir='ltr'>aliquis</span> <span class='ocrx_word' id='word_1_375' title='bbox 1631 1381 1834 1429; x_wconf 90' lang='lat' dir='ltr'>respiciens</span> <span class='ocrx_word' id='word_1_376' title='bbox 1855 1389 2044 1430; x_wconf 92' lang='lat' dir='ltr'>operatur,</span> <span class='ocrx_word' id='word_1_377' title='bbox 2061 1394 2139 1419; x_wconf 92' lang='lat' dir='ltr'>non</span> <span class='ocrx_word' id='word_1_378' title='bbox 2159 1395 2312 1432; x_wconf 89' lang='lat' dir='ltr'>semper</span> <span class='ocrx_word' id='word_1_379' title='bbox 2331 1390 2386 1420; x_wconf 91' lang='lat' dir='ltr'>est</span> <span class='ocrx_word' id='word_1_380' title='bbox 2397 1395 2534 1423; x_wconf 84' lang='lat' dir='ltr'>verum</span> 
     </span>
     <span class='ocr_line' id='line_1_64' title="bbox 1477 1434 2532 1486; baseline 0.005 -16"><span class='ocrx_word' id='word_1_381' title='bbox 1477 1434 1643 1480; x_wconf 91' lang='lat' dir='ltr'>bonum;</span> <span class='ocrx_word' id='word_1_382' title='bbox 1664 1434 1732 1471; x_wconf 92' lang='lat' dir='ltr'>sed</span> <span class='ocrx_word' id='word_1_383' title='bbox 1759 1434 1991 1483; x_wconf 90' lang='lat' dir='ltr'>quandoque</span> <span class='ocrx_word' id='word_1_384' title='bbox 2010 1447 2147 1472; x_wconf 90' lang='lat' dir='ltr'>verum</span> <span class='ocrx_word' id='word_1_385' title='bbox 2165 1436 2324 1483; x_wconf 91' lang='lat' dir='ltr'>bonum,</span> <span class='ocrx_word' id='word_1_386' title='bbox 2350 1443 2387 1474; x_wconf 90' lang='lat' dir='ltr'>et</span> <span class='ocrx_word' id='word_1_387' title='bbox 2413 1449 2532 1486; x_wconf 88' lang='lat' dir='ltr'>quan-</span> 
     </span>
     <span class='ocr_line' id='line_1_65' title="bbox 1479 1487 2534 1535; baseline 0.003 -12"><span class='ocrx_word' id='word_1_388' title='bbox 1479 1487 1607 1534; x_wconf 91' lang='lat' dir='ltr'>doque</span> <span class='ocrx_word' id='word_1_389' title='bbox 1635 1499 1834 1535; x_wconf 86' lang='lat' dir='ltr'>apparenS.</span> <span class='ocrx_word' id='word_1_390' title='bbox 1864 1488 1914 1524; x_wconf 89' lang='lat' dir='ltr'>Et</span> <span class='ocrx_word' id='word_1_391' title='bbox 1942 1488 2152 1525; x_wconf 91' lang='lat' dir='ltr'>secundum</span> <span class='ocrx_word' id='word_1_392' title='bbox 2179 1489 2272 1535; x_wconf 92' lang='lat' dir='ltr'>hoc,</span> <span class='ocrx_word' id='word_1_393' title='bbox 2298 1501 2344 1525; x_wconf 88' lang='lat' dir='ltr'>ex</span> <span class='ocrx_word' id='word_1_394' title='bbox 2371 1490 2450 1526; x_wconf 90' lang='lat' dir='ltr'>fine</span> <span class='ocrx_word' id='word_1_395' title='bbox 2477 1502 2534 1526; x_wconf 91' lang='lat' dir='ltr'>se-</span> 
     </span>
     <span class='ocr_line' id='line_1_66' title="bbox 1478 1539 1869 1588; baseline 0.003 -13"><span class='ocrx_word' id='word_1_396' title='bbox 1478 1539 1604 1588; x_wconf 90' lang='lat' dir='ltr'>quitur</span> <span class='ocrx_word' id='word_1_397' title='bbox 1631 1540 1728 1576; x_wconf 90' lang='lat' dir='ltr'>actio</span> <span class='ocrx_word' id='word_1_398' title='bbox 1757 1540 1869 1576; x_wconf 88' lang='lat' dir='ltr'>mala.</span> 
     </span>
    </p>

    <p class='ocr_par' dir='ltr' id='par_1_24' title="bbox 1478 1593 2536 1745">
     <span class='ocr_line' id='line_1_67' title="bbox 1530 1593 2536 1640; baseline 0.005 -13"><span class='ocrx_word' id='word_1_399' title='bbox 1530 1593 1589 1628; x_wconf 88' lang='lat' dir='ltr'>An</span> <span class='ocrx_word' id='word_1_400' title='bbox 1618 1604 1807 1631; x_wconf 81' lang='lat' dir='ltr'>SECUNDUM</span> <span class='ocrx_word' id='word_1_401' title='bbox 1835 1603 2019 1629; x_wconf 78' lang='lat' dir='ltr'>DlCENDUM</span> <span class='ocrx_word' id='word_1_402' title='bbox 2047 1593 2163 1640; x_wconf 89' lang='lat' dir='ltr'>quod,</span> <span class='ocrx_word' id='word_1_403' title='bbox 2180 1593 2356 1640; x_wconf 90' lang='lat' dir='ltr'>quamvis</span> <span class='ocrx_word' id='word_1_404' title='bbox 2383 1595 2470 1631; x_wconf 89' lang='lat' dir='ltr'>finis</span> <span class='ocrx_word' id='word_1_405' title='bbox 2489 1595 2536 1632; x_wconf 92' lang='lat' dir='ltr'>sit</span> 
     </span>
     <span class='ocr_line' id='line_1_68' title="bbox 1479 1645 2534 1695; baseline 0.005 -15"><span class='ocrx_word' id='word_1_406' title='bbox 1479 1656 1593 1680; x_wconf 91' lang='lat' dir='ltr'>causa</span> <span class='ocrx_word' id='word_1_407' title='bbox 1608 1645 1827 1691; x_wconf 85' lang='lat' dir='ltr'>extrinseca,</span> <span class='ocrx_word' id='word_1_408' title='bbox 1844 1652 1973 1681; x_wconf 91' lang='lat' dir='ltr'>tamen</span> <span class='ocrx_word' id='word_1_409' title='bbox 1989 1645 2115 1681; x_wconf 92' lang='lat' dir='ltr'>debita</span> <span class='ocrx_word' id='word_1_410' title='bbox 2128 1646 2323 1693; x_wconf 88' lang='lat' dir='ltr'>proportio</span> <span class='ocrx_word' id='word_1_411' title='bbox 2340 1647 2388 1684; x_wconf 88' lang='lat' dir='ltr'>ad</span> <span class='ocrx_word' id='word_1_412' title='bbox 2402 1647 2534 1695; x_wconf 88' lang='lat' dir='ltr'>finem,</span> 
     </span>
     <span class='ocr_line' id='line_1_69' title="bbox 1478 1696 2268 1745; baseline 0.003 -12"><span class='ocrx_word' id='word_1_413' title='bbox 1478 1704 1515 1733; x_wconf 92' lang='lat' dir='ltr'>et</span> <span class='ocrx_word' id='word_1_414' title='bbox 1542 1697 1671 1734; x_wconf 91' lang='lat' dir='ltr'>relatio</span> <span class='ocrx_word' id='word_1_415' title='bbox 1699 1697 1738 1734; x_wconf 91' lang='lat' dir='ltr'>in</span> <span class='ocrx_word' id='word_1_416' title='bbox 1763 1697 1901 1745; x_wconf 89' lang='lat' dir='ltr'>ipsum,</span> <span class='ocrx_word' id='word_1_417' title='bbox 1922 1696 2092 1734; x_wconf 89' lang='lat' dir='ltr'>inhaeret</span> <span class='ocrx_word' id='word_1_418' title='bbox 2119 1698 2268 1740; x_wconf 88' lang='lat' dir='ltr'>actioni.</span> 
     </span>
    </p>

    <p class='ocr_par' dir='ltr' id='par_1_25' title="bbox 1478 1750 2549 1957">
     <span class='ocr_line' id='line_1_70' title="bbox 1531 1750 2536 1799; baseline 0.004 -13"><span class='ocrx_word' id='word_1_419' title='bbox 1531 1751 1590 1786; x_wconf 85' lang='lat' dir='ltr'>An</span> <span class='ocrx_word' id='word_1_420' title='bbox 1605 1761 1764 1787; x_wconf 70' lang='lat' dir='ltr'>TERTmM</span> <span class='ocrx_word' id='word_1_421' title='bbox 1779 1762 1963 1787; x_wconf 82' lang='lat' dir='ltr'>DICENDUM</span> <span class='ocrx_word' id='word_1_422' title='bbox 1978 1751 2082 1799; x_wconf 92' lang='lat' dir='ltr'>quod</span> <span class='ocrx_word' id='word_1_423' title='bbox 2097 1750 2188 1787; x_wconf 89' lang='lat' dir='ltr'>nihil</span> <span class='ocrx_word' id='word_1_424' title='bbox 2203 1750 2381 1799; x_wconf 88' lang='lat' dir='ltr'>prohibet</span> <span class='ocrx_word' id='word_1_425' title='bbox 2398 1752 2536 1790; x_wconf 77' lang='lat' dir='ltr'>actioni</span> 
     </span>
     <span class='ocr_line' id='line_1_71' title="bbox 1478 1803 2549 1852; baseline 0.001 -13"><span class='ocrx_word' id='word_1_426' title='bbox 1478 1803 1632 1840; x_wconf 86' lang='lat' dir='ltr'>habenti</span> <span class='ocrx_word' id='word_1_427' title='bbox 1659 1815 1777 1840; x_wconf 88' lang='lat' dir='ltr'>unam</span> <span class='ocrx_word' id='word_1_428' title='bbox 1806 1803 2084 1851; x_wconf 88' lang='lat' dir='ltr'>praedictarum</span> <span class='ocrx_word' id='word_1_429' title='bbox 2111 1804 2320 1841; x_wconf 91' lang='lat' dir='ltr'>bonitatum</span> <span class='ocrx_word' id='word_1_430' title='bbox 2338 1804 2370 1852; x_wconf 69' lang='lat'>²¹²,</span> <span class='ocrx_word' id='word_1_431' title='bbox 2402 1805 2549 1843; x_wconf 63' lang='lat' dir='ltr'>deesse?</span> 
     </span>
     <span class='ocr_line' id='line_1_72' title="bbox 1479 1855 2548 1906; baseline 0.003 -14"><span class='ocrx_word' id='word_1_432' title='bbox 1479 1855 1604 1893; x_wconf 90' lang='lat' dir='ltr'>aliam.</span> <span class='ocrx_word' id='word_1_433' title='bbox 1626 1857 1675 1893; x_wconf 91' lang='lat' dir='ltr'>Et</span> <span class='ocrx_word' id='word_1_434' title='bbox 1693 1856 1906 1893; x_wconf 85' lang='lat' dir='ltr'>secundum</span> <span class='ocrx_word' id='word_1_435' title='bbox 1921 1857 2010 1903; x_wconf 92' lang='lat' dir='ltr'>hoc,</span> <span class='ocrx_word' id='word_1_436' title='bbox 2027 1856 2207 1904; x_wconf 86' lang='lat' dir='ltr'>contingit</span> <span class='ocrx_word' id='word_1_437' title='bbox 2229 1857 2418 1894; x_wconf 81' lang='lat' dir='ltr'>actionem</span> <span class='ocrx_word' id='word_1_438' title='bbox 2434 1870 2548 1906; x_wconf 59' lang='lat' dir='ltr'>quae,</span> 
     </span>
     <span class='ocr_line' id='line_1_73' title="bbox 1480 1909 2535 1957; baseline 0.004 -12"><span class='ocrx_word' id='word_1_439' title='bbox 1480 1916 1534 1946; x_wconf 90' lang='lat' dir='ltr'>est</span> <span class='ocrx_word' id='word_1_440' title='bbox 1553 1909 1655 1946; x_wconf 91' lang='lat' dir='ltr'>bona</span> <span class='ocrx_word' id='word_1_441' title='bbox 1686 1909 1899 1946; x_wconf 89' lang='lat' dir='ltr'>secundum</span> <span class='ocrx_word' id='word_1_442' title='bbox 1929 1909 2096 1957; x_wconf 90' lang='lat' dir='ltr'>speciem</span> <span class='ocrx_word' id='word_1_443' title='bbox 2115 1921 2224 1946; x_wconf 88' lang='lat' dir='ltr'>suam</span> <span class='ocrx_word' id='word_1_444' title='bbox 2242 1910 2305 1947; x_wconf 89' lang='lat' dir='ltr'>vel</span> <span class='ocrx_word' id='word_1_445' title='bbox 2323 1911 2535 1949; x_wconf 84' lang='lat' dir='ltr'>secundum</span> 
     </span>
    </p>
   </div>
   <div class='ocr_carea' id='block_1_18' title="bbox 2563 1024 2671 1045">
    <p class='ocr_par' dir='ltr' id='par_1_26' title="bbox 2563 1024 2671 1045">
     <span class='ocr_line' id='line_1_74' title="bbox 2563 1024 2671 1045; baseline 0 0"><span class='ocrx_word' id='word_1_446' title='bbox 2563 1024 2574 1034; x_wconf 69' lang='lat'>⁵</span> <span class='ocrx_word' id='word_1_447' title='bbox 2588 1024 2639 1045; x_wconf 84' lang='lat' dir='ltr'>Art.</span> <span class='ocrx_word' id='word_1_448' title='bbox 2654 1030 2671 1045; x_wconf 89' lang='lat'>1.</span> 
     </span>
    </p>
   </div>
   <div class='ocr_carea' id='block_1_19' title="bbox 2563 1812 2772 1840">
    <p class='ocr_par' dir='ltr' id='par_1_27' title="bbox 2563 1812 2772 1840">
     <span class='ocr_line' id='line_1_75' title="bbox 2563 1812 2772 1840; baseline 0 -6"><span class='ocrx_word' id='word_1_449' title='bbox 2563 1815 2572 1823; x_wconf 88' lang='grc'>·</span> <span class='ocrx_word' id='word_1_450' title='bbox 2584 1812 2644 1834; x_wconf 84' lang='lat' dir='ltr'>Vide</span> <span class='ocrx_word' id='word_1_451' title='bbox 2653 1818 2717 1840; x_wconf 82' lang='lat' dir='ltr'>corp.</span> <span class='ocrx_word' id='word_1_452' title='bbox 2730 1815 2772 1834; x_wconf 75' lang='lat' dir='ltr'>art.</span> 
     </span>
    </p>
   </div>
   <div class='ocr_carea' id='block_1_20' title="bbox 1478 1961 2587 2064">
    <p class='ocr_par' dir='ltr' id='par_1_28' title="bbox 1478 1961 2587 2064">
     <span class='ocr_line' id='line_1_76' title="bbox 1479 1961 2587 2009; baseline 0.002 -11"><span class='ocrx_word' id='word_1_453' title='bbox 1479 1962 1799 2008; x_wconf 86' lang='lat' dir='ltr'>circumstantias,</span> <span class='ocrx_word' id='word_1_454' title='bbox 1828 1961 1994 1999; x_wconf 89' lang='lat' dir='ltr'>ordinari</span> <span class='ocrx_word' id='word_1_455' title='bbox 2022 1962 2070 1999; x_wconf 91' lang='lat' dir='ltr'>ad</span> <span class='ocrx_word' id='word_1_456' title='bbox 2107 1962 2226 1999; x_wconf 89' lang='lat' dir='ltr'>finem</span> <span class='ocrx_word' id='word_1_457' title='bbox 2254 1963 2421 2009; x_wconf 86' lang='lat' dir='ltr'>malum,</span> <span class='ocrx_word' id='word_1_458' title='bbox 2451 1970 2495 2000; x_wconf 51' lang='lat' dir='ltr'>et¹</span> <span class='ocrx_word' id='word_1_459' title='bbox 2515 1975 2549 2000; x_wconf 63' lang='lat' dir='ltr'>e»</span> <span class='ocrx_word' id='word_1_460' title='bbox 2584 1988 2587 1989; x_wconf 28' lang='grc' dir='ltr'><em>ν</em></span> 
     </span>
     <span class='ocr_line' id='line_1_77' title="bbox 1478 2015 2584 2064; baseline 0.002 -13"><span class='ocrx_word' id='word_1_461' title='bbox 1478 2026 1677 2051; x_wconf 86' lang='lat' dir='ltr'>converSO.</span> <span class='ocrx_word' id='word_1_462' title='bbox 1699 2015 1791 2052; x_wconf 93' lang='lat' dir='ltr'>Non</span> <span class='ocrx_word' id='word_1_463' title='bbox 1817 2022 1946 2052; x_wconf 88' lang='lat' dir='ltr'>tamen</span> <span class='ocrx_word' id='word_1_464' title='bbox 1975 2022 2031 2051; x_wconf 91' lang='lat' dir='ltr'>est</span> <span class='ocrx_word' id='word_1_465' title='bbox 2049 2015 2146 2051; x_wconf 91' lang='lat' dir='ltr'>actio</span> <span class='ocrx_word' id='word_1_466' title='bbox 2175 2016 2278 2052; x_wconf 87' lang='lat' dir='ltr'>bona</span> <span class='ocrx_word' id='word_1_467' title='bbox 2305 2016 2536 2064; x_wconf 72' lang='lat' dir='ltr'>simpliciter,</span> <span class='ocrx_word' id='word_1_468' title='bbox 2582 2018 2584 2022; x_wconf 78' lang='grc'>’</span> 
     </span>
    </p>
   </div>
   <div class='ocr_carea' id='block_1_21' title="bbox 1477 2067 2549 2170">
    <p class='ocr_par' dir='ltr' id='par_1_29' title="bbox 1477 2067 2549 2170">
     <span class='ocr_line' id='line_1_78' title="bbox 1478 2067 2539 2117; baseline 0.002 -13"><span class='ocrx_word' id='word_1_469' title='bbox 1478 2068 1548 2105; x_wconf 90' lang='lat' dir='ltr'>nisi</span> <span class='ocrx_word' id='word_1_470' title='bbox 1585 2079 1720 2104; x_wconf 90' lang='lat' dir='ltr'>omnes</span> <span class='ocrx_word' id='word_1_471' title='bbox 1757 2067 1944 2105; x_wconf 85' lang='lat' dir='ltr'>bonitates</span> <span class='ocrx_word' id='word_1_472' title='bbox 1983 2075 2226 2104; x_wconf 89' lang='lat' dir='ltr'>concurrant:</span> <span class='ocrx_word' id='word_1_473' title='bbox 2265 2068 2354 2116; x_wconf 89' lang='lat' dir='ltr'>quia</span> <span class='ocrx_word' id='word_1_474' title='bbox 2389 2068 2539 2117; x_wconf 83' lang='lat' dir='ltr'>quilibet</span> 
     </span>
     <span class='ocr_line' id='line_1_79' title="bbox 1477 2121 2549 2170; baseline 0.002 -13"><span class='ocrx_word' id='word_1_475' title='bbox 1477 2121 1683 2170; x_wconf 80' lang='lat' dir='ltr'>singularis</span> <span class='ocrx_word' id='word_1_476' title='bbox 1710 2121 1873 2169; x_wconf 84' lang='lat' dir='ltr'>defectus</span> <span class='ocrx_word' id='word_1_477' title='bbox 1901 2126 2033 2157; x_wconf 87' lang='lat' dir='ltr'>causat</span> <span class='ocrx_word' id='word_1_478' title='bbox 2057 2121 2217 2166; x_wconf 84' lang='lat' dir='ltr'>malum,</span> <span class='ocrx_word' id='word_1_479' title='bbox 2246 2122 2386 2158; x_wconf 86' lang='lat' dir='ltr'>bonum</span> <span class='ocrx_word' id='word_1_480' title='bbox 2412 2127 2549 2159; x_wconf 49' lang='lat' dir='ltr'>autem.</span> 
     </span>
    </p>
   </div>
   <div class='ocr_carea' id='block_1_22' title="bbox 1478 2173 2550 2222">
    <p class='ocr_par' dir='ltr' id='par_1_30' title="bbox 1478 2173 2550 2222">
     <span class='ocr_line' id='line_1_80' title="bbox 1478 2173 2550 2222; baseline -0.001 -11"><span class='ocrx_word' id='word_1_481' title='bbox 1478 2179 1657 2211; x_wconf 81' lang='lat' dir='ltr'>causatur</span> <span class='ocrx_word' id='word_1_482' title='bbox 1684 2185 1733 2209; x_wconf 87' lang='lat' dir='ltr'>ex</span> <span class='ocrx_word' id='word_1_483' title='bbox 1760 2174 1908 2222; x_wconf 83' lang='lat' dir='ltr'>integra</span> <span class='ocrx_word' id='word_1_484' title='bbox 1938 2185 2065 2219; x_wconf 83' lang='lat' dir='ltr'>causa,</span> <span class='ocrx_word' id='word_1_485' title='bbox 2094 2181 2135 2210; x_wconf 92' lang='lat' dir='ltr'>ut</span> <span class='ocrx_word' id='word_1_486' title='bbox 2157 2173 2364 2222; x_wconf 85' lang='lat' dir='ltr'>Dionysius</span> <span class='ocrx_word' id='word_1_487' title='bbox 2384 2174 2482 2222; x_wconf 90' lang='lat' dir='ltr'>dicit,</span> <span class='ocrx_word' id='word_1_488' title='bbox 2503 2185 2550 2212; x_wconf 47' lang='lat' dir='ltr'>tv.</span> 
     </span>
    </p>
   </div>
   <div class='ocr_carea' id='block_1_23' title="bbox 1477 2226 1916 2274">
    <p class='ocr_par' dir='ltr' id='par_1_31' title="bbox 1477 2226 1916 2274">
     <span class='ocr_line' id='line_1_81' title="bbox 1477 2226 1916 2274; baseline 0.002 -12"><span class='ocrx_word' id='word_1_489' title='bbox 1477 2238 1559 2274; x_wconf 89' lang='lat' dir='ltr'>cap.</span> <span class='ocrx_word' id='word_1_490' title='bbox 1579 2226 1625 2263; x_wconf 86' lang='lat' dir='ltr'>de</span> <span class='ocrx_word' id='word_1_491' title='bbox 1650 2226 1738 2263; x_wconf 74' lang='lat' dir='ltr'>Div.</span> <span class='ocrx_word' id='word_1_492' title='bbox 1759 2227 1876 2263; x_wconf 91' lang='lat' dir='ltr'>Nom.</span> <span class='ocrx_word' id='word_1_493' title='bbox 1897 2226 1916 2248; x_wconf 62' lang='lat'>²¹⁶</span> 
     </span>
    </p>
   </div>
   <div class='ocr_carea' id='block_1_24' title="bbox 1530 2339 2539 2373">
    <p class='ocr_par' dir='ltr' id='par_1_32' title="bbox 1530 2339 2539 2373">
     <span class='ocr_line' id='line_1_82' title="bbox 1530 2339 2539 2373; baseline -0.002 -9"><span class='ocrx_word' id='word_1_494' title='bbox 1530 2339 1558 2373; x_wconf 86' lang='grc' dir='ltr'>γ)</span> <span class='ocrx_word' id='word_1_495' title='bbox 1577 2340 1770 2364; x_wconf 79' lang='lat' dir='ltr'>consideretur.</span> <span class='ocrx_word' id='word_1_496' title='bbox 1782 2353 1802 2357; x_wconf 89' lang='lat'><em>-</em></span> <span class='ocrx_word' id='word_1_497' title='bbox 1815 2339 2017 2364; x_wconf 80' lang='lat' dir='ltr'>considerentur</span> <span class='ocrx_word' id='word_1_498' title='bbox 2034 2339 2143 2370; x_wconf 79' lang='lat' dir='ltr'>PFIKa3</span> <span class='ocrx_word' id='word_1_499' title='bbox 2162 2347 2210 2371; x_wconf 86' lang='lat' dir='ltr'>pro</span> <span class='ocrx_word' id='word_1_500' title='bbox 2229 2339 2370 2371; x_wconf 74' lang='lat' dir='ltr'>dependet,</span> <span class='ocrx_word' id='word_1_501' title='bbox 2388 2340 2539 2372; x_wconf 71' lang='lat' dir='ltr'>dependen-</span> 
     </span>
    </p>
   </div>
   <div class='ocr_carea' id='block_1_25' title="bbox 417 2375 1548 2411">
    <p class='ocr_par' dir='ltr' id='par_1_33' title="bbox 417 2375 1548 2411">
     <span class='ocr_line' id='line_1_83' title="bbox 417 2375 1548 2411; baseline -0.004 -8"><span class='ocrx_word' id='word_1_502' title='bbox 417 2378 442 2411; x_wconf 77' lang='grc' dir='ltr'>β)</span> <span class='ocrx_word' id='word_1_503' title='bbox 462 2379 547 2410; x_wconf 80' lang='lat' dir='ltr'>ipsum</span> <span class='ocrx_word' id='word_1_504' title='bbox 566 2384 675 2410; x_wconf 78' lang='lat' dir='ltr'>quoque.</span> <span class='ocrx_word' id='word_1_505' title='bbox 693 2390 713 2396; x_wconf 83' lang='lat'>·-·</span> <span class='ocrx_word' id='word_1_506' title='bbox 730 2379 755 2401; x_wconf 85' lang='lat' dir='ltr'>et</span> <span class='ocrx_word' id='word_1_507' title='bbox 775 2377 859 2408; x_wconf 81' lang='lat' dir='ltr'>ipsum</span> <span class='ocrx_word' id='word_1_508' title='bbox 880 2376 988 2406; x_wconf 78' lang='lat' dir='ltr'>codiceS,</span> <span class='ocrx_word' id='word_1_509' title='bbox 1009 2380 1033 2399; x_wconf 85' lang='lat' dir='ltr'>et</span> <span class='ocrx_word' id='word_1_510' title='bbox 1051 2375 1084 2400; x_wconf 80' lang='lat' dir='ltr'>ita</span> <span class='ocrx_word' id='word_1_511' title='bbox 1104 2383 1163 2399; x_wconf 92' lang='lat' dir='ltr'>mox</span> <span class='ocrx_word' id='word_1_512' title='bbox 1182 2375 1407 2400; x_wconf 84' lang='lat' dir='ltr'>ABCDEFHIKL.</span> <span class='ocrx_word' id='word_1_513' title='bbox 1480 2375 1548 2399; x_wconf 78' lang='lat' dir='ltr'>PFa.</span> 
     </span>
    </p>
   </div>
   <div class='ocr_carea' id='block_1_26' title="bbox 1043 2451 1862 2485">
    <p class='ocr_par' dir='ltr' id='par_1_34' title="bbox 1043 2451 1862 2485">
     <span class='ocr_line' id='line_1_84' title="bbox 1043 2451 1862 2485; baseline -0.001 0"><span class='ocrx_word' id='word_1_514' title='bbox 1043 2452 1372 2485; x_wconf 57' lang='lat' dir='ltr'>Commentariis</span> <span class='ocrx_word' id='word_1_515' title='bbox 1395 2452 1642 2485; x_wconf 74' lang='lat' dir='ltr'>Gar-clinans</span> <span class='ocrx_word' id='word_1_516' title='bbox 1665 2451 1862 2484; x_wconf 75' lang='lat' dir='ltr'>Caietani</span> 
     </span>
    </p>
   </div>
   <div class='ocr_carea' id='block_1_27' title="bbox 364 2531 1431 3545">
    <p class='ocr_par' dir='ltr' id='par_1_35' title="bbox 364 2531 1427 2971">
     <span class='ocr_line' id='line_1_85' title="bbox 429 2531 1424 2575; baseline -0.003 -10"><span class='ocrx_word' id='word_1_517' title='bbox 429 2545 499 2565; x_wconf 68' lang='lat' dir='ltr'>mcii</span> <span class='ocrx_word' id='word_1_518' title='bbox 520 2540 670 2575; x_wconf 86' lang='lat' dir='ltr'>quartum</span> <span class='ocrx_word' id='word_1_519' title='bbox 689 2532 857 2563; x_wconf 87' lang='lat' dir='ltr'>articulum</span> <span class='ocrx_word' id='word_1_520' title='bbox 877 2531 1020 2562; x_wconf 85' lang='lat' dir='ltr'>eiusdem</span> <span class='ocrx_word' id='word_1_521' title='bbox 1044 2531 1313 2563; x_wconf 89' lang='lat' dir='ltr'>decimaeoctavae</span> <span class='ocrx_word' id='word_1_522' title='bbox 1330 2541 1424 2572; x_wconf 87' lang='lat' dir='ltr'>quae-</span> 
     </span>
     <span class='ocr_line' id='line_1_86' title="bbox 368 2547 1425 2618; baseline -0.005 -8"><span class='ocrx_word' id='word_1_523' title='bbox 368 2547 550 2615; x_wconf 84' lang='lat' dir='ltr'>Cstionis,</span> <span class='ocrx_word' id='word_1_524' title='bbox 576 2577 695 2608; x_wconf 89' lang='lat' dir='ltr'>omisso</span> <span class='ocrx_word' id='word_1_525' title='bbox 715 2576 816 2612; x_wconf 82' lang='lat' dir='ltr'>tertio,</span> <span class='ocrx_word' id='word_1_526' title='bbox 841 2576 965 2606; x_wconf 86' lang='lat' dir='ltr'>adverte</span> <span class='ocrx_word' id='word_1_527' title='bbox 990 2576 1230 2618; x_wconf 89' lang='lat' dir='ltr'>quadruplicem</span> <span class='ocrx_word' id='word_1_528' title='bbox 1249 2576 1425 2607; x_wconf 90' lang='lat' dir='ltr'>bonitatem</span> 
     </span>
     <span class='ocr_line' id='line_1_87' title="bbox 365 2619 1425 2662; baseline -0.004 -8"><span class='ocrx_word' id='word_1_529' title='bbox 365 2625 398 2654; x_wconf 90' lang='lat' dir='ltr'>in</span> <span class='ocrx_word' id='word_1_530' title='bbox 421 2623 522 2654; x_wconf 88' lang='lat' dir='ltr'>littera</span> <span class='ocrx_word' id='word_1_531' title='bbox 545 2621 683 2662; x_wconf 85' lang='lat' dir='ltr'>positam</span> <span class='ocrx_word' id='word_1_532' title='bbox 706 2620 837 2651; x_wconf 86' lang='lat' dir='ltr'>actionis</span> <span class='ocrx_word' id='word_1_533' title='bbox 860 2620 1028 2656; x_wconf 81' lang='lat' dir='ltr'>humanae,</span> <span class='ocrx_word' id='word_1_534' title='bbox 1049 2620 1092 2650; x_wconf 92' lang='lat' dir='ltr'>sic</span> <span class='ocrx_word' id='word_1_535' title='bbox 1122 2627 1157 2651; x_wconf 93' lang='lat' dir='ltr'>ut</span> <span class='ocrx_word' id='word_1_536' title='bbox 1181 2629 1312 2650; x_wconf 90' lang='lat' dir='ltr'>omnem</span> <span class='ocrx_word' id='word_1_537' title='bbox 1335 2619 1425 2650; x_wconf 92' lang='lat' dir='ltr'>boni-</span> 
     </span>
     <span class='ocr_line' id='line_1_88' title="bbox 364 2664 1423 2738; baseline -0.004 -40"><span class='ocrx_word' id='word_1_538' title='bbox 364 2674 462 2699; x_wconf 86' lang='lat' dir='ltr'>tatem</span> <span class='ocrx_word' id='word_1_539' title='bbox 478 2666 645 2697; x_wconf 85' lang='lat' dir='ltr'>convenire</span> <span class='ocrx_word' id='word_1_540' title='bbox 659 2665 705 2695; x_wconf 87' lang='lat' dir='ltr'>ini</span> <span class='ocrx_word' id='word_1_541' title='bbox 719 2665 883 2704; x_wconf 84' lang='lat' dir='ltr'>intelligas,</span> <span class='ocrx_word' id='word_1_542' title='bbox 903 2664 1095 2705; x_wconf 88' lang='lat' dir='ltr'>inquantum</span> <span class='ocrx_word' id='word_1_543' title='bbox 1111 2670 1158 2695; x_wconf 88' lang='lat' dir='ltr'>est</span> <span class='ocrx_word' id='word_1_544' title='bbox 1173 2664 1254 2738; x_wconf 49' lang='lat' dir='ltr'>nego</span> <span class='ocrx_word' id='word_1_545' title='bbox 1274 2664 1423 2694; x_wconf 79' lang='lat' dir='ltr'>humana.</span> 
     </span>
     <span class='ocr_line' id='line_1_89' title="bbox 366 2709 1424 2749; baseline -0.005 -6"><span class='ocrx_word' id='word_1_546' title='bbox 366 2711 480 2743; x_wconf 89' lang='lat' dir='ltr'>Omnis</span> <span class='ocrx_word' id='word_1_547' title='bbox 504 2710 590 2742; x_wconf 91' lang='lat' dir='ltr'>enim</span> <span class='ocrx_word' id='word_1_548' title='bbox 612 2710 752 2740; x_wconf 89' lang='lat' dir='ltr'>humana</span> <span class='ocrx_word' id='word_1_549' title='bbox 776 2709 867 2745; x_wconf 86' lang='lat' dir='ltr'>actio,</span> <span class='ocrx_word' id='word_1_550' title='bbox 885 2715 1182 2749; x_wconf 89' lang='lat' dir='ltr'>quantumcumque</span> <span class='ocrx_word' id='word_1_551' title='bbox 1226 2709 1328 2745; x_wconf 85' lang='lat' dir='ltr'>itiosa,</span> <span class='ocrx_word' id='word_1_552' title='bbox 1349 2718 1424 2738; x_wconf 89' lang='lat' dir='ltr'>con-</span> 
     </span>
     <span class='ocr_line' id='line_1_90' title="bbox 366 2753 1426 2794; baseline -0.005 -7"><span class='ocrx_word' id='word_1_553' title='bbox 366 2756 482 2787; x_wconf 90' lang='lat' dir='ltr'>tinetur</span> <span class='ocrx_word' id='word_1_554' title='bbox 506 2755 564 2785; x_wconf 90' lang='lat' dir='ltr'>sub</span> <span class='ocrx_word' id='word_1_555' title='bbox 594 2763 706 2794; x_wconf 88' lang='lat' dir='ltr'>genere</span> <span class='ocrx_word' id='word_1_556' title='bbox 730 2753 861 2784; x_wconf 89' lang='lat' dir='ltr'>actionis</span> <span class='ocrx_word' id='word_1_557' title='bbox 884 2753 1058 2783; x_wconf 88' lang='lat' dir='ltr'>humanae:</span> <span class='ocrx_word' id='word_1_558' title='bbox 1084 2753 1238 2794; x_wconf 89' lang='lat' dir='ltr'>quoniam</span> <span class='ocrx_word' id='word_1_559' title='bbox 1270 2759 1316 2783; x_wconf 92' lang='lat' dir='ltr'>est</span> <span class='ocrx_word' id='word_1_560' title='bbox 1338 2759 1426 2783; x_wconf 84' lang='lat' dir='ltr'>actus</span> 
     </span>
     <span class='ocr_line' id='line_1_91' title="bbox 367 2796 1426 2834; baseline -0.004 -4"><span class='ocrx_word' id='word_1_561' title='bbox 367 2811 385 2830; x_wconf 88' lang='lat' dir='ltr'>a</span> <span class='ocrx_word' id='word_1_562' title='bbox 408 2799 528 2831; x_wconf 86' lang='lat' dir='ltr'>ratione</span> <span class='ocrx_word' id='word_1_563' title='bbox 551 2805 582 2829; x_wconf 92' lang='lat' dir='ltr'>et</span> <span class='ocrx_word' id='word_1_564' title='bbox 603 2798 775 2834; x_wconf 87' lang='lat' dir='ltr'>voluntate,</span> <span class='ocrx_word' id='word_1_565' title='bbox 793 2804 851 2828; x_wconf 88' lang='lat' dir='ltr'>etc.</span> <span class='ocrx_word' id='word_1_566' title='bbox 875 2797 916 2827; x_wconf 93' lang='lat' dir='ltr'>Et</span> <span class='ocrx_word' id='word_1_567' title='bbox 939 2797 982 2827; x_wconf 92' lang='lat' dir='ltr'>sic</span> <span class='ocrx_word' id='word_1_568' title='bbox 1006 2797 1100 2827; x_wconf 85' lang='lat' dir='ltr'>habet</span> <span class='ocrx_word' id='word_1_569' title='bbox 1127 2796 1301 2827; x_wconf 88' lang='lat' dir='ltr'>bonitatem</span> <span class='ocrx_word' id='word_1_570' title='bbox 1325 2803 1354 2826; x_wconf 93' lang='lat' dir='ltr'>et</span> <span class='ocrx_word' id='word_1_571' title='bbox 1373 2806 1426 2827; x_wconf 90' lang='lat' dir='ltr'>en-</span> 
     </span>
     <span class='ocr_line' id='line_1_92' title="bbox 367 2840 1426 2882; baseline -0.005 -7"><span class='ocrx_word' id='word_1_572' title='bbox 367 2844 488 2875; x_wconf 86' lang='lat' dir='ltr'>titatem</span> <span class='ocrx_word' id='word_1_573' title='bbox 512 2842 644 2874; x_wconf 90' lang='lat' dir='ltr'>actionis</span> <span class='ocrx_word' id='word_1_574' title='bbox 668 2843 843 2872; x_wconf 83' lang='lat' dir='ltr'>humanae:</span> <span class='ocrx_word' id='word_1_575' title='bbox 869 2848 899 2872; x_wconf 90' lang='lat' dir='ltr'>et</span> <span class='ocrx_word' id='word_1_576' title='bbox 922 2847 1079 2882; x_wconf 87' lang='lat' dir='ltr'>quantum</span> <span class='ocrx_word' id='word_1_577' title='bbox 1108 2840 1294 2871; x_wconf 91' lang='lat' dir='ltr'>huiusmodi</span> <span class='ocrx_word' id='word_1_578' title='bbox 1318 2840 1426 2871; x_wconf 85' lang='lat' dir='ltr'>entita—</span> 
     </span>
     <span class='ocr_line' id='line_1_93' title="bbox 367 2883 1427 2923; baseline -0.005 -4"><span class='ocrx_word' id='word_1_579' title='bbox 367 2889 406 2919; x_wconf 89' lang='lat' dir='ltr'>tis</span> <span class='ocrx_word' id='word_1_580' title='bbox 422 2889 524 2923; x_wconf 89' lang='lat' dir='ltr'>habet,</span> <span class='ocrx_word' id='word_1_581' title='bbox 546 2893 670 2923; x_wconf 86' lang='lat' dir='ltr'>tantum</span> <span class='ocrx_word' id='word_1_582' title='bbox 694 2886 852 2917; x_wconf 88' lang='lat' dir='ltr'>bonitatis.</span> <span class='ocrx_word' id='word_1_583' title='bbox 876 2884 917 2916; x_wconf 88' lang='lat' dir='ltr'>Et</span> <span class='ocrx_word' id='word_1_584' title='bbox 941 2885 1117 2915; x_wconf 90' lang='lat' dir='ltr'>secundum</span> <span class='ocrx_word' id='word_1_585' title='bbox 1141 2885 1217 2921; x_wconf 91' lang='lat' dir='ltr'>hoc,</span> <span class='ocrx_word' id='word_1_586' title='bbox 1251 2891 1285 2915; x_wconf 91' lang='lat' dir='ltr'>ut</span> <span class='ocrx_word' id='word_1_587' title='bbox 1307 2883 1388 2914; x_wconf 83' lang='lat' dir='ltr'>infra</span> <span class='ocrx_word' id='word_1_588' title='bbox 1409 2883 1427 2903; x_wconf 85' lang='grc'>*</span> 
     </span>
     <span class='ocr_line' id='line_1_94' title="bbox 369 2929 1360 2971; baseline -0.005 -8"><span class='ocrx_word' id='word_1_589' title='bbox 369 2933 497 2968; x_wconf 89' lang='lat' dir='ltr'>dicetur,</span> <span class='ocrx_word' id='word_1_590' title='bbox 514 2931 619 2962; x_wconf 91' lang='lat' dir='ltr'>omnis</span> <span class='ocrx_word' id='word_1_591' title='bbox 643 2937 758 2966; x_wconf 83' lang='lat' dir='ltr'>nostra,</span> <span class='ocrx_word' id='word_1_592' title='bbox 783 2930 928 2971; x_wconf 87' lang='lat' dir='ltr'>quamvis</span> <span class='ocrx_word' id='word_1_593' title='bbox 952 2929 1045 2966; x_wconf 85' lang='lat' dir='ltr'>mala,</span> <span class='ocrx_word' id='word_1_594' title='bbox 1070 2929 1151 2959; x_wconf 89' lang='lat' dir='ltr'>actio</span> <span class='ocrx_word' id='word_1_595' title='bbox 1171 2935 1217 2959; x_wconf 91' lang='lat' dir='ltr'>est</span> <span class='ocrx_word' id='word_1_596' title='bbox 1239 2939 1257 2958; x_wconf 91' lang='lat' dir='ltr'>a</span> <span class='ocrx_word' id='word_1_597' title='bbox 1280 2929 1360 2959; x_wconf 91' lang='lat' dir='ltr'>Deo.</span> 
     </span>
    </p>

    <p class='ocr_par' dir='ltr' id='par_1_36' title="bbox 368 2972 1428 3140">
     <span class='ocr_line' id='line_1_95' title="bbox 423 2972 1427 3014; baseline -0.004 -8"><span class='ocrx_word' id='word_1_598' title='bbox 423 2977 460 3007; x_wconf 90' lang='lat' dir='ltr'>II.</span> <span class='ocrx_word' id='word_1_599' title='bbox 482 2975 573 3006; x_wconf 88' lang='lat' dir='ltr'>Circa</span> <span class='ocrx_word' id='word_1_600' title='bbox 595 2975 830 3005; x_wconf 88' lang='lat' dir='ltr'>distinctionem</span> <span class='ocrx_word' id='word_1_601' title='bbox 862 2974 957 3004; x_wconf 90' lang='lat' dir='ltr'>huius</span> <span class='ocrx_word' id='word_1_602' title='bbox 980 2973 1194 3014; x_wconf 83' lang='lat' dir='ltr'>quadruplicis</span> <span class='ocrx_word' id='word_1_603' title='bbox 1222 2972 1371 3003; x_wconf 89' lang='lat' dir='ltr'>bonitatis</span> <span class='ocrx_word' id='word_1_604' title='bbox 1394 2972 1427 3002; x_wconf 93' lang='lat' dir='ltr'>in</span> 
     </span>
     <span class='ocr_line' id='line_1_96' title="bbox 368 3014 1426 3058; baseline -0.005 -7"><span class='ocrx_word' id='word_1_605' title='bbox 368 3021 479 3056; x_wconf 87' lang='lat' dir='ltr'>littera,</span> <span class='ocrx_word' id='word_1_606' title='bbox 500 3019 634 3050; x_wconf 91' lang='lat' dir='ltr'>dubium</span> <span class='ocrx_word' id='word_1_607' title='bbox 657 3018 807 3049; x_wconf 86' lang='lat' dir='ltr'>occurrit:</span> <span class='ocrx_word' id='word_1_608' title='bbox 833 3018 909 3058; x_wconf 87' lang='lat' dir='ltr'>quia</span> <span class='ocrx_word' id='word_1_609' title='bbox 934 3017 1078 3058; x_wconf 92' lang='lat' dir='ltr'>superius</span> <span class='ocrx_word' id='word_1_610' title='bbox 1101 3017 1134 3047; x_wconf 92' lang='lat' dir='ltr'>in</span> <span class='ocrx_word' id='word_1_611' title='bbox 1158 3027 1212 3058; x_wconf 87' lang='lat' dir='ltr'>qu.</span> <span class='ocrx_word' id='word_1_612' title='bbox 1231 3027 1274 3047; x_wconf 89' lang='lat' dir='ltr'>vn</span> <span class='ocrx_word' id='word_1_613' title='bbox 1296 3014 1426 3053; x_wconf 85' lang='lat' dir='ltr'>*‚boni-</span> 
     </span>
     <span class='ocr_line' id='line_1_97' title="bbox 369 3060 1428 3103; baseline -0.005 -8"><span class='ocrx_word' id='word_1_614' title='bbox 369 3073 415 3096; x_wconf 87' lang='lat' dir='ltr'>tas</span> <span class='ocrx_word' id='word_1_615' title='bbox 439 3064 509 3094; x_wconf 84' lang='lat' dir='ltr'>finis</span> <span class='ocrx_word' id='word_1_616' title='bbox 533 3063 636 3103; x_wconf 90' lang='lat' dir='ltr'>posita</span> <span class='ocrx_word' id='word_1_617' title='bbox 659 3070 704 3093; x_wconf 89' lang='lat' dir='ltr'>est</span> <span class='ocrx_word' id='word_1_618' title='bbox 727 3063 807 3093; x_wconf 89' lang='lat' dir='ltr'>inter</span> <span class='ocrx_word' id='word_1_619' title='bbox 831 3061 1093 3097; x_wconf 81' lang='lat' dir='ltr'>circumstantias;</span> <span class='ocrx_word' id='word_1_620' title='bbox 1117 3061 1168 3091; x_wconf 88' lang='lat' dir='ltr'>hic</span> <span class='ocrx_word' id='word_1_621' title='bbox 1187 3067 1295 3092; x_wconf 90' lang='lat' dir='ltr'>autem</span> <span class='ocrx_word' id='word_1_622' title='bbox 1319 3060 1428 3091; x_wconf 92' lang='lat' dir='ltr'>dividi-</span> 
     </span>
     <span class='ocr_line' id='line_1_98' title="bbox 370 3106 1086 3140; baseline -0.006 -1"><span class='ocrx_word' id='word_1_623' title='bbox 370 3117 420 3140; x_wconf 86' lang='lat' dir='ltr'>tur</span> <span class='ocrx_word' id='word_1_624' title='bbox 445 3115 552 3139; x_wconf 86' lang='lat' dir='ltr'>contra</span> <span class='ocrx_word' id='word_1_625' title='bbox 574 3107 748 3138; x_wconf 89' lang='lat' dir='ltr'>bonitatem</span> <span class='ocrx_word' id='word_1_626' title='bbox 771 3106 1086 3137; x_wconf 86' lang='lat' dir='ltr'>circumstantiarum.</span> 
     </span>
    </p>

    <p class='ocr_par' dir='ltr' id='par_1_37' title="bbox 370 3149 1431 3545">
     <span class='ocr_line' id='line_1_99' title="bbox 427 3149 1428 3191; baseline -0.005 -8"><span class='ocrx_word' id='word_1_627' title='bbox 427 3153 477 3183; x_wconf 92' lang='lat' dir='ltr'>Ad</span> <span class='ocrx_word' id='word_1_628' title='bbox 501 3152 562 3182; x_wconf 91' lang='lat' dir='ltr'>hoc</span> <span class='ocrx_word' id='word_1_629' title='bbox 585 3151 698 3182; x_wconf 91' lang='lat' dir='ltr'>dicitur</span> <span class='ocrx_word' id='word_1_630' title='bbox 713 3150 801 3191; x_wconf 92' lang='lat' dir='ltr'>quod</span> <span class='ocrx_word' id='word_1_631' title='bbox 825 3150 905 3186; x_wconf 87' lang='lat' dir='ltr'>finis,</span> <span class='ocrx_word' id='word_1_632' title='bbox 930 3150 1024 3180; x_wconf 86' lang='lat' dir='ltr'>etiam</span> <span class='ocrx_word' id='word_1_633' title='bbox 1047 3149 1231 3185; x_wconf 82' lang='lat' dir='ltr'>adiunctus,</span> <span class='ocrx_word' id='word_1_634' title='bbox 1256 3155 1360 3189; x_wconf 91' lang='lat' dir='ltr'>potest</span> <span class='ocrx_word' id='word_1_635' title='bbox 1382 3158 1428 3178; x_wconf 91' lang='lat' dir='ltr'>re-</span> 
     </span>
     <span class='ocr_line' id='line_1_100' title="bbox 370 3191 1429 3229; baseline -0.005 -2"><span class='ocrx_word' id='word_1_636' title='bbox 370 3196 441 3227; x_wconf 91' lang='lat' dir='ltr'>ferri</span> <span class='ocrx_word' id='word_1_637' title='bbox 464 3197 504 3226; x_wconf 84' lang='lat' dir='ltr'>ad</span> <span class='ocrx_word' id='word_1_638' title='bbox 526 3202 632 3225; x_wconf 87' lang='lat' dir='ltr'>actum</span> <span class='ocrx_word' id='word_1_639' title='bbox 655 3195 836 3225; x_wconf 92' lang='lat' dir='ltr'>interiorem</span> <span class='ocrx_word' id='word_1_640' title='bbox 859 3194 1039 3229; x_wconf 90' lang='lat' dir='ltr'>voluntatis,</span> <span class='ocrx_word' id='word_1_641' title='bbox 1057 3200 1087 3224; x_wconf 90' lang='lat' dir='ltr'>et</span> <span class='ocrx_word' id='word_1_642' title='bbox 1110 3193 1149 3223; x_wconf 91' lang='lat' dir='ltr'>ad</span> <span class='ocrx_word' id='word_1_643' title='bbox 1169 3200 1275 3224; x_wconf 87' lang='lat' dir='ltr'>actum</span> <span class='ocrx_word' id='word_1_644' title='bbox 1299 3191 1429 3222; x_wconf 83' lang='lat' dir='ltr'>exterio-</span> 
     </span>
     <span class='ocr_line' id='line_1_101' title="bbox 371 3237 1429 3274; baseline -0.005 -3"><span class='ocrx_word' id='word_1_645' title='bbox 371 3251 447 3271; x_wconf 89' lang='lat' dir='ltr'>rem.</span> <span class='ocrx_word' id='word_1_646' title='bbox 468 3240 500 3270; x_wconf 91' lang='lat' dir='ltr'>Si</span> <span class='ocrx_word' id='word_1_647' title='bbox 515 3239 665 3270; x_wconf 89' lang='lat' dir='ltr'>referatur</span> <span class='ocrx_word' id='word_1_648' title='bbox 681 3239 719 3268; x_wconf 84' lang='lat' dir='ltr'>ad</span> <span class='ocrx_word' id='word_1_649' title='bbox 744 3245 850 3268; x_wconf 86' lang='lat' dir='ltr'>actum</span> <span class='ocrx_word' id='word_1_650' title='bbox 865 3237 1056 3274; x_wconf 82' lang='lat' dir='ltr'>interiorem,</span> <span class='ocrx_word' id='word_1_651' title='bbox 1074 3247 1139 3267; x_wconf 91' lang='lat' dir='ltr'>non</span> <span class='ocrx_word' id='word_1_652' title='bbox 1156 3244 1202 3268; x_wconf 90' lang='lat' dir='ltr'>est</span> <span class='ocrx_word' id='word_1_653' title='bbox 1225 3237 1429 3268; x_wconf 79' lang='lat' dir='ltr'>circumstan-</span> 
     </span>
     <span class='ocr_line' id='line_1_102' title="bbox 372 3280 1429 3321; baseline -0.004 -6"><span class='ocrx_word' id='word_1_654' title='bbox 372 3285 423 3320; x_wconf 83' lang='lat' dir='ltr'>tia,</span> <span class='ocrx_word' id='word_1_655' title='bbox 448 3285 502 3314; x_wconf 90' lang='lat' dir='ltr'>sed</span> <span class='ocrx_word' id='word_1_656' title='bbox 526 3285 565 3314; x_wconf 87' lang='lat' dir='ltr'>ad</span> <span class='ocrx_word' id='word_1_657' title='bbox 589 3282 795 3314; x_wconf 85' lang='lat' dir='ltr'>substantiam</span> <span class='ocrx_word' id='word_1_658' title='bbox 825 3288 912 3312; x_wconf 88' lang='lat' dir='ltr'>actus</span> <span class='ocrx_word' id='word_1_659' title='bbox 936 3281 1142 3321; x_wconf 88' lang='lat' dir='ltr'>specificative</span> <span class='ocrx_word' id='word_1_660' title='bbox 1173 3290 1373 3312; x_wconf 76' lang='lat' dir='ltr'>concurrens,</span> <span class='ocrx_word' id='word_1_661' title='bbox 1397 3280 1429 3311; x_wconf 92' lang='lat' dir='ltr'>Si</span> 
     </span>
     <span class='ocr_line' id='line_1_103' title="bbox 373 3324 1431 3361; baseline -0.005 -2"><span class='ocrx_word' id='word_1_662' title='bbox 373 3336 479 3359; x_wconf 87' lang='lat' dir='ltr'>autem</span> <span class='ocrx_word' id='word_1_663' title='bbox 503 3328 653 3358; x_wconf 83' lang='lat' dir='ltr'>referatur</span> <span class='ocrx_word' id='word_1_664' title='bbox 668 3327 708 3357; x_wconf 91' lang='lat' dir='ltr'>ad</span> <span class='ocrx_word' id='word_1_665' title='bbox 723 3333 828 3357; x_wconf 86' lang='lat' dir='ltr'>actum</span> <span class='ocrx_word' id='word_1_666' title='bbox 845 3326 1038 3361; x_wconf 86' lang='lat' dir='ltr'>exteriorem,</span> <span class='ocrx_word' id='word_1_667' title='bbox 1055 3325 1126 3356; x_wconf 90' lang='lat' dir='ltr'>finis</span> <span class='ocrx_word' id='word_1_668' title='bbox 1147 3326 1314 3355; x_wconf 88' lang='lat' dir='ltr'>adiunctus</span> <span class='ocrx_word' id='word_1_669' title='bbox 1338 3324 1431 3355; x_wconf 86' lang='lat' dir='ltr'>habet</span> 
     </span>
     <span class='ocr_line' id='line_1_104' title="bbox 372 3369 1431 3409; baseline -0.005 -6"><span class='ocrx_word' id='word_1_670' title='bbox 372 3373 527 3403; x_wconf 88' lang='lat' dir='ltr'>rationem</span> <span class='ocrx_word' id='word_1_671' title='bbox 551 3371 810 3403; x_wconf 88' lang='lat' dir='ltr'>circumstantiae.</span> <span class='ocrx_word' id='word_1_672' title='bbox 828 3370 868 3400; x_wconf 90' lang='lat' dir='ltr'>Et</span> <span class='ocrx_word' id='word_1_673' title='bbox 890 3370 943 3406; x_wconf 89' lang='lat' dir='ltr'>sic,</span> <span class='ocrx_word' id='word_1_674' title='bbox 969 3380 1042 3400; x_wconf 91' lang='lat' dir='ltr'>cum</span> <span class='ocrx_word' id='word_1_675' title='bbox 1059 3370 1170 3409; x_wconf 88' lang='lat' dir='ltr'>aliquis</span> <span class='ocrx_word' id='word_1_676' title='bbox 1195 3369 1379 3400; x_wconf 86' lang='lat' dir='ltr'>moechatur</span> <span class='ocrx_word' id='word_1_677' title='bbox 1395 3375 1431 3399; x_wconf 92' lang='lat' dir='ltr'>ut</span> 
     </span>
     <span class='ocr_line' id='line_1_105' title="bbox 373 3412 1431 3452; baseline -0.005 -5"><span class='ocrx_word' id='word_1_678' title='bbox 373 3417 502 3452; x_wconf 87' lang='lat' dir='ltr'>furetur,</span> <span class='ocrx_word' id='word_1_679' title='bbox 519 3416 639 3446; x_wconf 88' lang='lat' dir='ltr'>furtum</span> <span class='ocrx_word' id='word_1_680' title='bbox 663 3422 709 3446; x_wconf 90' lang='lat' dir='ltr'>est</span> <span class='ocrx_word' id='word_1_681' title='bbox 733 3414 964 3445; x_wconf 87' lang='lat' dir='ltr'>circumstantia</span> <span class='ocrx_word' id='word_1_682' title='bbox 981 3413 1195 3444; x_wconf 86' lang='lat' dir='ltr'>fornicationis</span> <span class='ocrx_word' id='word_1_683' title='bbox 1215 3412 1383 3448; x_wconf 83' lang='lat' dir='ltr'>exterioris,</span> <span class='ocrx_word' id='word_1_684' title='bbox 1401 3419 1431 3443; x_wconf 94' lang='lat' dir='ltr'>et</span> 
     </span>
     <span class='ocr_line' id='line_1_106' title="bbox 373 3454 1430 3500; baseline -0.005 -9"><span class='ocrx_word' id='word_1_685' title='bbox 373 3460 560 3500; x_wconf 87' lang='lat' dir='ltr'>specificatio</span> <span class='ocrx_word' id='word_1_686' title='bbox 585 3459 739 3491; x_wconf 91' lang='lat' dir='ltr'>interioris</span> <span class='ocrx_word' id='word_1_687' title='bbox 755 3454 852 3489; x_wconf 74' lang='lat' dir='ltr'>velle‘:</span> <span class='ocrx_word' id='word_1_688' title='bbox 877 3465 1005 3498; x_wconf 89' lang='lat' dir='ltr'>propter</span> <span class='ocrx_word' id='word_1_689' title='bbox 1028 3458 1116 3498; x_wconf 93' lang='lat' dir='ltr'>quod</span> <span class='ocrx_word' id='word_1_690' title='bbox 1139 3457 1172 3487; x_wconf 89' lang='lat' dir='ltr'>in</span> <span class='ocrx_word' id='word_1_691' title='bbox 1188 3463 1275 3487; x_wconf 88' lang='lat' dir='ltr'>sexto</span> <span class='ocrx_word' id='word_1_692' title='bbox 1299 3456 1430 3486; x_wconf 87' lang='lat' dir='ltr'>articulo</span> 
     </span>
     <span class='ocr_line' id='line_1_107' title="bbox 374 3500 1430 3545; baseline -0.005 -10"><span class='ocrx_word' id='word_1_693' title='bbox 374 3504 468 3535; x_wconf 92' lang='lat' dir='ltr'>huius</span> <span class='ocrx_word' id='word_1_694' title='bbox 484 3504 676 3545; x_wconf 87' lang='lat' dir='ltr'>quaestionis</span> <span class='ocrx_word' id='word_1_695' title='bbox 690 3503 802 3534; x_wconf 89' lang='lat' dir='ltr'>dicitur</span> <span class='ocrx_word' id='word_1_696' title='bbox 814 3502 900 3543; x_wconf 91' lang='lat' dir='ltr'>quod</span> <span class='ocrx_word' id='word_1_697' title='bbox 910 3501 1102 3539; x_wconf 26' lang='lat' dir='ltr'>,huiusmodi</span> <span class='ocrx_word' id='word_1_698' title='bbox 1114 3500 1195 3537; x_wconf 86' lang='lat' dir='ltr'>finis,</span> <span class='ocrx_word' id='word_1_699' title='bbox 1209 3507 1285 3541; x_wconf 88' lang='lat' dir='ltr'>puta</span> <span class='ocrx_word' id='word_1_700' title='bbox 1300 3500 1430 3536; x_wconf 83' lang='lat' dir='ltr'>furtum,</span> 
     </span>
    </p>
   </div>
   <div class='ocr_carea' id='block_1_28' title="bbox 1451 2762 1460 3528">
    <p class='ocr_par' dir='ltr' id='par_1_38' title="bbox 1451 2762 1460 3528">
     <span class='ocr_line' id='line_1_108' title="bbox 1451 2762 1460 3528; baseline 0 0"><span class='ocrx_word' id='word_1_701' title='bbox 1451 2762 1460 3528; x_wconf 95' lang='lat' dir='ltr'> </span> 
     </span>
    </p>
   </div>
   <div class='ocr_carea' id='block_1_29' title="bbox 1478 2530 2543 3540">
    <p class='ocr_par' dir='ltr' id='par_1_39' title="bbox 1478 2530 2543 2881">
     <span class='ocr_line' id='line_1_109' title="bbox 1479 2530 2539 2572; baseline 0.004 -11"><span class='ocrx_word' id='word_1_702' title='bbox 1479 2530 1637 2572; x_wconf 84' lang='lat' dir='ltr'>specificat</span> <span class='ocrx_word' id='word_1_703' title='bbox 1654 2530 1748 2563; x_wconf 85' lang='lat' dir='ltr'>etiarn</span> <span class='ocrx_word' id='word_1_704' title='bbox 1764 2530 2007 2563; x_wconf 86' lang='lat' dir='ltr'>fornicationem</span> <span class='ocrx_word' id='word_1_705' title='bbox 2025 2530 2210 2562; x_wconf 81' lang='lat' dir='ltr'>exteriorem</span> <span class='ocrx_word' id='word_1_706' title='bbox 2226 2530 2408 2570; x_wconf 79' lang='lat' dir='ltr'>formaliter.</span> <span class='ocrx_word' id='word_1_707' title='bbox 2427 2539 2458 2564; x_wconf 90' lang='lat' dir='ltr'>et</span> <span class='ocrx_word' id='word_1_708' title='bbox 2472 2542 2539 2565; x_wconf 89' lang='lat' dir='ltr'>non</span> 
     </span>
     <span class='ocr_line' id='line_1_110' title="bbox 1480 2573 2538 2612; baseline 0.002 -7"><span class='ocrx_word' id='word_1_709' title='bbox 1480 2574 1688 2611; x_wconf 85' lang='lat' dir='ltr'>materialiter,</span> <span class='ocrx_word' id='word_1_710' title='bbox 1705 2575 1785 2605; x_wconf 91' lang='lat' dir='ltr'>idest</span> <span class='ocrx_word' id='word_1_711' title='bbox 1801 2581 1837 2605; x_wconf 90' lang='lat' dir='ltr'>ut</span> <span class='ocrx_word' id='word_1_712' title='bbox 1859 2581 1919 2605; x_wconf 89' lang='lat' dir='ltr'>stat</span> <span class='ocrx_word' id='word_1_713' title='bbox 1942 2575 2000 2604; x_wconf 88' lang='lat' dir='ltr'>sub</span> <span class='ocrx_word' id='word_1_714' title='bbox 2017 2573 2077 2604; x_wconf 55' lang='lat' dir='ltr'>ino&lt;</span> <span class='ocrx_word' id='word_1_715' title='bbox 2097 2574 2237 2605; x_wconf 90' lang='lat' dir='ltr'>interiori</span> <span class='ocrx_word' id='word_1_716' title='bbox 2251 2574 2340 2612; x_wconf 89' lang='lat' dir='ltr'>velle,</span> <span class='ocrx_word' id='word_1_717' title='bbox 2358 2582 2388 2607; x_wconf 92' lang='lat' dir='ltr'>et</span> <span class='ocrx_word' id='word_1_718' title='bbox 2404 2585 2476 2606; x_wconf 76' lang='lat' dir='ltr'>‘non</span> <span class='ocrx_word' id='word_1_719' title='bbox 2493 2586 2538 2607; x_wconf 88' lang='lat' dir='ltr'>se—</span> 
     </span>
     <span class='ocr_line' id='line_1_111' title="bbox 1480 2617 2539 2660; baseline 0.002 -11"><span class='ocrx_word' id='word_1_720' title='bbox 1480 2619 1622 2650; x_wconf 90' lang='lat' dir='ltr'>cundum</span> <span class='ocrx_word' id='word_1_721' title='bbox 1646 2629 1688 2649; x_wconf 91' lang='lat' dir='ltr'>se.</span> <span class='ocrx_word' id='word_1_722' title='bbox 1705 2619 1793 2649; x_wconf 90' lang='lat' dir='ltr'>Idem</span> <span class='ocrx_word' id='word_1_723' title='bbox 1817 2628 1890 2658; x_wconf 89' lang='lat' dir='ltr'>ergo</span> <span class='ocrx_word' id='word_1_724' title='bbox 1913 2617 1985 2648; x_wconf 89' lang='lat' dir='ltr'>finis</span> <span class='ocrx_word' id='word_1_725' title='bbox 2002 2625 2048 2648; x_wconf 90' lang='lat' dir='ltr'>est</span> <span class='ocrx_word' id='word_1_726' title='bbox 2071 2618 2312 2655; x_wconf 85' lang='lat' dir='ltr'>circumstantia,</span> <span class='ocrx_word' id='word_1_727' title='bbox 2330 2625 2361 2650; x_wconf 89' lang='lat' dir='ltr'>et</span> <span class='ocrx_word' id='word_1_728' title='bbox 2383 2619 2539 2660; x_wconf 81' lang='lat' dir='ltr'>specifica—</span> 
     </span>
     <span class='ocr_line' id='line_1_112' title="bbox 1478 2662 2538 2701; baseline 0.001 -8"><span class='ocrx_word' id='word_1_729' title='bbox 1478 2663 1534 2699; x_wconf 91' lang='lat' dir='ltr'>tio,</span> <span class='ocrx_word' id='word_1_730' title='bbox 1551 2663 1667 2694; x_wconf 85' lang='lat' dir='ltr'>relatus</span> <span class='ocrx_word' id='word_1_731' title='bbox 1689 2663 1730 2693; x_wconf 87' lang='lat' dir='ltr'>ad</span> <span class='ocrx_word' id='word_1_732' title='bbox 1753 2663 1892 2693; x_wconf 90' lang='lat' dir='ltr'>eundem</span> <span class='ocrx_word' id='word_1_733' title='bbox 1915 2662 2010 2693; x_wconf 88' lang='lat' dir='ltr'>etiam</span> <span class='ocrx_word' id='word_1_734' title='bbox 2028 2668 2135 2693; x_wconf 80' lang='lat' dir='ltr'>actum</span> <span class='ocrx_word' id='word_1_735' title='bbox 2146 2662 2331 2694; x_wconf 84' lang='lat' dir='ltr'>exteriorem</span> <span class='ocrx_word' id='word_1_736' title='bbox 2349 2662 2538 2701; x_wconf 84' lang='lat' dir='ltr'>humanum,</span> 
     </span>
     <span class='ocr_line' id='line_1_113' title="bbox 1480 2706 2540 2749; baseline 0.003 -12"><span class='ocrx_word' id='word_1_737' title='bbox 1480 2707 1700 2744; x_wconf 85' lang='lat' dir='ltr'>diversimode,</span> <span class='ocrx_word' id='word_1_738' title='bbox 1717 2706 1834 2737; x_wconf 87' lang='lat' dir='ltr'>scilicet</span> <span class='ocrx_word' id='word_1_739' title='bbox 1857 2706 2029 2739; x_wconf 85' lang='lat' dir='ltr'>formaliter</span> <span class='ocrx_word' id='word_1_740' title='bbox 2044 2713 2075 2737; x_wconf 92' lang='lat' dir='ltr'>et</span> <span class='ocrx_word' id='word_1_741' title='bbox 2097 2706 2306 2738; x_wconf 76' lang='lat' dir='ltr'>materialiter.</span> <span class='ocrx_word' id='word_1_742' title='bbox 2322 2706 2364 2739; x_wconf 88' lang='lat' dir='ltr'>Et</span> <span class='ocrx_word' id='word_1_743' title='bbox 2386 2707 2540 2749; x_wconf 70' lang='lat' dir='ltr'>quoniam</span> 
     </span>
     <span class='ocr_line' id='line_1_114' title="bbox 1480 2750 2543 2787; baseline 0.002 -5"><span class='ocrx_word' id='word_1_744' title='bbox 1480 2761 1641 2782; x_wconf 88' lang='lat' dir='ltr'>sermones</span> <span class='ocrx_word' id='word_1_745' title='bbox 1664 2751 1697 2782; x_wconf 90' lang='lat' dir='ltr'>in</span> <span class='ocrx_word' id='word_1_746' title='bbox 1721 2750 1849 2781; x_wconf 81' lang='lat' dir='ltr'>scientia</span> <span class='ocrx_word' id='word_1_747' title='bbox 1863 2757 1937 2781; x_wconf 90' lang='lat' dir='ltr'>sunt</span> <span class='ocrx_word' id='word_1_748' title='bbox 1963 2750 2120 2787; x_wconf 82' lang='lat' dir='ltr'>formales,</span> <span class='ocrx_word' id='word_1_749' title='bbox 2137 2750 2251 2781; x_wconf 87' lang='lat' dir='ltr'>merito</span> <span class='ocrx_word' id='word_1_750' title='bbox 2275 2751 2398 2782; x_wconf 76' lang='lat' dir='ltr'>bonitas</span> <span class='ocrx_word' id='word_1_751' title='bbox 2418 2758 2456 2783; x_wconf 77' lang='lat' dir='ltr'>ex</span> <span class='ocrx_word' id='word_1_752' title='bbox 2477 2751 2543 2786; x_wconf 74' lang='lat' dir='ltr'>fiae</span> 
     </span>
     <span class='ocr_line' id='line_1_115' title="bbox 1480 2794 2543 2838; baseline 0.002 -13"><span class='ocrx_word' id='word_1_753' title='bbox 1480 2803 1516 2826; x_wconf 90' lang='lat' dir='ltr'>ut</span> <span class='ocrx_word' id='word_1_754' title='bbox 1538 2794 1692 2835; x_wconf 84' lang='lat' dir='ltr'>specifica,</span> <span class='ocrx_word' id='word_1_755' title='bbox 1710 2794 1912 2835; x_wconf 88' lang='lat' dir='ltr'>distinguitur</span> <span class='ocrx_word' id='word_1_756' title='bbox 1935 2802 2043 2827; x_wconf 89' lang='lat' dir='ltr'>contra</span> <span class='ocrx_word' id='word_1_757' title='bbox 2059 2794 2234 2827; x_wconf 85' lang='lat' dir='ltr'>bonitatem</span> <span class='ocrx_word' id='word_1_758' title='bbox 2249 2805 2287 2826; x_wconf 90' lang='lat' dir='ltr'>ex</span> <span class='ocrx_word' id='word_1_759' title='bbox 2307 2795 2543 2838; x_wconf 48' lang='lat' dir='ltr'>circumstantia,</span> 
     </span>
     <span class='ocr_line' id='line_1_116' title="bbox 1481 2838 2083 2881; baseline -0.005 -11"><span class='ocrx_word' id='word_1_760' title='bbox 1481 2840 1576 2870; x_wconf 88' lang='lat' dir='ltr'>etiam</span> <span class='ocrx_word' id='word_1_761' title='bbox 1599 2838 1680 2869; x_wconf 89' lang='lat' dir='ltr'>finis.</span> <span class='ocrx_word' id='word_1_762' title='bbox 2080 2879 2083 2881; x_wconf 24' lang='grc' dir='ltr'><strong><em>Ι</em></strong></span> 
     </span>
    </p>

    <p class='ocr_par' dir='ltr' id='par_1_40' title="bbox 1481 2881 2542 3540">
     <span class='ocr_line' id='line_1_117' title="bbox 1537 2881 2539 2924; baseline 0.002 -11"><span class='ocrx_word' id='word_1_763' title='bbox 1537 2883 1588 2914; x_wconf 90' lang='lat'>111.</span> <span class='ocrx_word' id='word_1_764' title='bbox 1610 2883 1645 2913; x_wconf 94' lang='lat' dir='ltr'>In</span> <span class='ocrx_word' id='word_1_765' title='bbox 1668 2882 1873 2923; x_wconf 90' lang='lat' dir='ltr'>responsione</span> <span class='ocrx_word' id='word_1_766' title='bbox 1898 2883 1936 2912; x_wconf 86' lang='lat' dir='ltr'>ad</span> <span class='ocrx_word' id='word_1_767' title='bbox 1959 2881 2088 2913; x_wconf 88' lang='lat' dir='ltr'>tertium</span> <span class='ocrx_word' id='word_1_768' title='bbox 2111 2882 2252 2913; x_wconf 88' lang='lat' dir='ltr'>eiusdem</span> <span class='ocrx_word' id='word_1_769' title='bbox 2282 2883 2386 2924; x_wconf 85' lang='lat' dir='ltr'>quarti</span> <span class='ocrx_word' id='word_1_770' title='bbox 2409 2883 2539 2920; x_wconf 84' lang='lat' dir='ltr'>articuli,</span> 
     </span>
     <span class='ocr_line' id='line_1_118' title="bbox 1482 2926 2541 2967; baseline 0.001 -10"><span class='ocrx_word' id='word_1_771' title='bbox 1482 2927 1616 2958; x_wconf 90' lang='lat' dir='ltr'>dubium</span> <span class='ocrx_word' id='word_1_772' title='bbox 1641 2927 1775 2958; x_wconf 90' lang='lat' dir='ltr'>occurrit</span> <span class='ocrx_word' id='word_1_773' title='bbox 1807 2927 1975 2967; x_wconf 88' lang='lat' dir='ltr'>quomodo</span> <span class='ocrx_word' id='word_1_774' title='bbox 1999 2926 2039 2957; x_wconf 89' lang='lat' dir='ltr'>sit</span> <span class='ocrx_word' id='word_1_775' title='bbox 2061 2926 2210 2966; x_wconf 86' lang='lat' dir='ltr'>possibile</span> <span class='ocrx_word' id='word_1_776' title='bbox 2233 2933 2339 2957; x_wconf 86' lang='lat' dir='ltr'>actum</span> <span class='ocrx_word' id='word_1_777' title='bbox 2358 2927 2481 2958; x_wconf 84' lang='lat' dir='ltr'>bonurn</span> <span class='ocrx_word' id='word_1_778' title='bbox 2503 2937 2541 2958; x_wconf 88' lang='lat' dir='ltr'>ex</span> 
     </span>
     <span class='ocr_line' id='line_1_119' title="bbox 1481 2971 2540 3011; baseline 0.002 -10"><span class='ocrx_word' id='word_1_779' title='bbox 1481 2981 1593 3011; x_wconf 87' lang='lat' dir='ltr'>genere</span> <span class='ocrx_word' id='word_1_780' title='bbox 1617 2978 1647 3002; x_wconf 94' lang='lat' dir='ltr'>et</span> <span class='ocrx_word' id='word_1_781' title='bbox 1670 2971 1926 3007; x_wconf 86' lang='lat' dir='ltr'>circumstantiis,</span> <span class='ocrx_word' id='word_1_782' title='bbox 1947 2971 2084 3001; x_wconf 83' lang='lat' dir='ltr'>ordinari</span> <span class='ocrx_word' id='word_1_783' title='bbox 2108 2971 2146 3001; x_wconf 89' lang='lat' dir='ltr'>ad</span> <span class='ocrx_word' id='word_1_784' title='bbox 2169 2971 2291 3002; x_wconf 89' lang='lat' dir='ltr'>malum</span> <span class='ocrx_word' id='word_1_785' title='bbox 2314 2971 2424 3008; x_wconf 89' lang='lat' dir='ltr'>finem,</span> <span class='ocrx_word' id='word_1_786' title='bbox 2447 2978 2502 3002; x_wconf 89' lang='lat' dir='ltr'>aut</span> <span class='ocrx_word' id='word_1_787' title='bbox 2523 2981 2540 3003; x_wconf 83' lang='lat' dir='ltr'>e</span> 
     </span>
     <span class='ocr_line' id='line_1_120' title="bbox 1482 3015 2540 3056; baseline 0 -10"><span class='ocrx_word' id='word_1_788' title='bbox 1482 3024 1651 3046; x_wconf 89' lang='lat' dir='ltr'>converso:</span> <span class='ocrx_word' id='word_1_789' title='bbox 1676 3015 1751 3056; x_wconf 88' lang='lat' dir='ltr'>quia</span> <span class='ocrx_word' id='word_1_790' title='bbox 1774 3015 1800 3046; x_wconf 89' lang='lat' dir='ltr'>si</span> <span class='ocrx_word' id='word_1_791' title='bbox 1823 3022 1869 3046; x_wconf 90' lang='lat' dir='ltr'>est</span> <span class='ocrx_word' id='word_1_792' title='bbox 1897 3015 2000 3045; x_wconf 83' lang='lat' dir='ltr'>malus</span> <span class='ocrx_word' id='word_1_793' title='bbox 2023 3015 2073 3044; x_wconf 89' lang='lat' dir='ltr'>vel</span> <span class='ocrx_word' id='word_1_794' title='bbox 2095 3015 2200 3045; x_wconf 90' lang='lat' dir='ltr'>bonus</span> <span class='ocrx_word' id='word_1_795' title='bbox 2223 3025 2260 3045; x_wconf 87' lang='lat' dir='ltr'>ex</span> <span class='ocrx_word' id='word_1_796' title='bbox 2290 3015 2540 3052; x_wconf 86' lang='lat' dir='ltr'>circumstantiis,</span> 
     </span>
     <span class='ocr_line' id='line_1_121' title="bbox 1483 3058 2542 3100; baseline 0.001 -10"><span class='ocrx_word' id='word_1_797' title='bbox 1483 3070 1556 3100; x_wconf 87' lang='lat' dir='ltr'>ergo</span> <span class='ocrx_word' id='word_1_798' title='bbox 1582 3059 1677 3090; x_wconf 88' lang='lat' dir='ltr'>etiam</span> <span class='ocrx_word' id='word_1_799' title='bbox 1701 3070 1737 3090; x_wconf 86' lang='lat' dir='ltr'>ex</span> <span class='ocrx_word' id='word_1_800' title='bbox 1762 3059 1823 3090; x_wconf 89' lang='lat' dir='ltr'>fine</span> <span class='ocrx_word' id='word_1_801' title='bbox 1846 3059 2014 3095; x_wconf 85' lang='lat' dir='ltr'>adiuncto;</span> <span class='ocrx_word' id='word_1_802' title='bbox 2039 3065 2069 3089; x_wconf 93' lang='lat' dir='ltr'>et</span> <span class='ocrx_word' id='word_1_803' title='bbox 2089 3058 2114 3088; x_wconf 88' lang='lat' dir='ltr'>si</span> <span class='ocrx_word' id='word_1_804' title='bbox 2138 3065 2184 3090; x_wconf 90' lang='lat' dir='ltr'>est</span> <span class='ocrx_word' id='word_1_805' title='bbox 2202 3058 2304 3089; x_wconf 85' lang='lat' dir='ltr'>malus</span> <span class='ocrx_word' id='word_1_806' title='bbox 2320 3059 2370 3090; x_wconf 88' lang='lat' dir='ltr'>vel</span> <span class='ocrx_word' id='word_1_807' title='bbox 2385 3060 2488 3091; x_wconf 91' lang='lat' dir='ltr'>bonus</span> <span class='ocrx_word' id='word_1_808' title='bbox 2504 3069 2542 3091; x_wconf 79' lang='lat' dir='ltr'>ex</span> 
     </span>
     <span class='ocr_line' id='line_1_122' title="bbox 1482 3101 2538 3144; baseline -0.001 -10"><span class='ocrx_word' id='word_1_809' title='bbox 1482 3103 1544 3134; x_wconf 91' lang='lat' dir='ltr'>fine</span> <span class='ocrx_word' id='word_1_810' title='bbox 1568 3104 1727 3140; x_wconf 88' lang='lat' dir='ltr'>adiuncto,</span> <span class='ocrx_word' id='word_1_811' title='bbox 1753 3113 1826 3143; x_wconf 90' lang='lat' dir='ltr'>ergo</span> <span class='ocrx_word' id='word_1_812' title='bbox 1851 3113 1917 3133; x_wconf 92' lang='lat' dir='ltr'>non</span> <span class='ocrx_word' id='word_1_813' title='bbox 1940 3102 2077 3133; x_wconf 85' lang='lat' dir='ltr'>variatur</span> <span class='ocrx_word' id='word_1_814' title='bbox 2096 3112 2133 3132; x_wconf 83' lang='lat' dir='ltr'>ex</span> <span class='ocrx_word' id='word_1_815' title='bbox 2148 3101 2219 3133; x_wconf 92' lang='lat' dir='ltr'>fine.</span> <span class='ocrx_word' id='word_1_816' title='bbox 2245 3103 2285 3133; x_wconf 92' lang='lat' dir='ltr'>Et</span> <span class='ocrx_word' id='word_1_817' title='bbox 2300 3109 2385 3134; x_wconf 91' lang='lat' dir='ltr'>tenet</span> <span class='ocrx_word' id='word_1_818' title='bbox 2400 3103 2538 3144; x_wconf 84' lang='lat' dir='ltr'>sequela:</span> 
     </span>
     <span class='ocr_line' id='line_1_123' title="bbox 1483 3146 2540 3188; baseline -0.001 -10"><span class='ocrx_word' id='word_1_819' title='bbox 1483 3148 1557 3188; x_wconf 86' lang='lat' dir='ltr'>quia</span> <span class='ocrx_word' id='word_1_820' title='bbox 1581 3148 1714 3188; x_wconf 90' lang='lat' dir='ltr'>quilibet</span> <span class='ocrx_word' id='word_1_821' title='bbox 1735 3146 1806 3178; x_wconf 90' lang='lat' dir='ltr'>finis</span> <span class='ocrx_word' id='word_1_822' title='bbox 1830 3147 1996 3177; x_wconf 88' lang='lat' dir='ltr'>adiunctus</span> <span class='ocrx_word' id='word_1_823' title='bbox 2012 3146 2106 3176; x_wconf 83' lang='lat' dir='ltr'>habet</span> <span class='ocrx_word' id='word_1_824' title='bbox 2121 3146 2275 3177; x_wconf 82' lang='lat' dir='ltr'>rationem</span> <span class='ocrx_word' id='word_1_825' title='bbox 2292 3146 2540 3178; x_wconf 82' lang='lat' dir='ltr'>circumstantiae</span> 
     </span>
     <span class='ocr_line' id='line_1_124' title="bbox 1483 3190 2540 3232; baseline -0.002 -10"><span class='ocrx_word' id='word_1_826' title='bbox 1483 3198 1625 3232; x_wconf 89' lang='lat' dir='ltr'>respectu</span> <span class='ocrx_word' id='word_1_827' title='bbox 1646 3198 1733 3222; x_wconf 87' lang='lat' dir='ltr'>actus</span> <span class='ocrx_word' id='word_1_828' title='bbox 1753 3190 1912 3222; x_wconf 82' lang='lat' dir='ltr'>exterioris</span> <span class='ocrx_word' id='word_1_829' title='bbox 1936 3190 2112 3221; x_wconf 88' lang='lat' dir='ltr'>secundum</span> <span class='ocrx_word' id='word_1_830' title='bbox 2127 3200 2170 3227; x_wconf 81' lang='lat' dir='ltr'>se,</span> <span class='ocrx_word' id='word_1_831' title='bbox 2187 3197 2223 3221; x_wconf 95' lang='lat' dir='ltr'>ut</span> <span class='ocrx_word' id='word_1_832' title='bbox 2239 3191 2359 3222; x_wconf 89' lang='lat' dir='ltr'>dictum</span> <span class='ocrx_word' id='word_1_833' title='bbox 2377 3197 2424 3222; x_wconf 87' lang='lat' dir='ltr'>est</span> <span class='ocrx_word' id='word_1_834' title='bbox 2437 3190 2463 3222; x_wconf 87' lang='grc'>*.</span> <span class='ocrx_word' id='word_1_835' title='bbox 2487 3190 2540 3221; x_wconf 90' lang='lat' dir='ltr'>vi-</span> 
     </span>
     <span class='ocr_line' id='line_1_125' title="bbox 1484 3233 2540 3275; baseline -0.002 -9"><span class='ocrx_word' id='word_1_836' title='bbox 1484 3237 1575 3266; x_wconf 92' lang='lat' dir='ltr'>detur</span> <span class='ocrx_word' id='word_1_837' title='bbox 1597 3245 1671 3275; x_wconf 89' lang='lat' dir='ltr'>ergo</span> <span class='ocrx_word' id='word_1_838' title='bbox 1694 3235 1867 3275; x_wconf 85' lang='lat' dir='ltr'>implicatio</span> <span class='ocrx_word' id='word_1_839' title='bbox 1891 3234 1923 3264; x_wconf 90' lang='lat' dir='ltr'>in</span> <span class='ocrx_word' id='word_1_840' title='bbox 1947 3235 2079 3270; x_wconf 87' lang='lat' dir='ltr'>adiecto,</span> <span class='ocrx_word' id='word_1_841' title='bbox 2105 3244 2179 3264; x_wconf 90' lang='lat' dir='ltr'>cum</span> <span class='ocrx_word' id='word_1_842' title='bbox 2202 3235 2315 3266; x_wconf 88' lang='lat' dir='ltr'>dicitur</span> <span class='ocrx_word' id='word_1_843' title='bbox 2337 3242 2423 3266; x_wconf 88' lang='lat' dir='ltr'>actus</span> <span class='ocrx_word' id='word_1_844' title='bbox 2438 3233 2540 3265; x_wconf 82' lang='lat' dir='ltr'>malus</span> 
     </span>
     <span class='ocr_line' id='line_1_126' title="bbox 1484 3278 2540 3319; baseline -0.002 -9"><span class='ocrx_word' id='word_1_845' title='bbox 1484 3291 1520 3310; x_wconf 85' lang='lat' dir='ltr'>ex</span> <span class='ocrx_word' id='word_1_846' title='bbox 1551 3290 1663 3319; x_wconf 89' lang='lat' dir='ltr'>genere</span> <span class='ocrx_word' id='word_1_847' title='bbox 1686 3286 1717 3310; x_wconf 91' lang='lat' dir='ltr'>et</span> <span class='ocrx_word' id='word_1_848' title='bbox 1740 3278 1979 3319; x_wconf 84' lang='lat' dir='ltr'>circumstantiis</span> <span class='ocrx_word' id='word_1_849' title='bbox 2004 3279 2043 3308; x_wconf 85' lang='lat' dir='ltr'>ad</span> <span class='ocrx_word' id='word_1_850' title='bbox 2066 3279 2189 3309; x_wconf 91' lang='lat' dir='ltr'>bonum</span> <span class='ocrx_word' id='word_1_851' title='bbox 2212 3278 2327 3315; x_wconf 85' lang='lat' dir='ltr'>finem;</span> <span class='ocrx_word' id='word_1_852' title='bbox 2351 3285 2407 3309; x_wconf 85' lang='lat' dir='ltr'>aut</span> <span class='ocrx_word' id='word_1_853' title='bbox 2425 3288 2441 3308; x_wconf 91' lang='lat' dir='ltr'>e</span> <span class='ocrx_word' id='word_1_854' title='bbox 2465 3287 2540 3308; x_wconf 91' lang='lat' dir='ltr'>con-</span> 
     </span>
     <span class='ocr_line' id='line_1_127' title="bbox 1483 3322 2541 3362; baseline -0.002 -8"><span class='ocrx_word' id='word_1_855' title='bbox 1483 3334 1584 3360; x_wconf 88' lang='lat' dir='ltr'>verso,</span> <span class='ocrx_word' id='word_1_856' title='bbox 1609 3331 1696 3354; x_wconf 83' lang='lat' dir='ltr'>actus</span> <span class='ocrx_word' id='word_1_857' title='bbox 1719 3324 1824 3354; x_wconf 92' lang='lat' dir='ltr'>bonus</span> <span class='ocrx_word' id='word_1_858' title='bbox 1847 3333 1883 3353; x_wconf 88' lang='lat' dir='ltr'>ex</span> <span class='ocrx_word' id='word_1_859' title='bbox 1906 3332 2018 3362; x_wconf 88' lang='lat' dir='ltr'>genere</span> <span class='ocrx_word' id='word_1_860' title='bbox 2042 3329 2072 3353; x_wconf 89' lang='lat' dir='ltr'>et</span> <span class='ocrx_word' id='word_1_861' title='bbox 2095 3322 2334 3354; x_wconf 86' lang='lat' dir='ltr'>circumstantiis</span> <span class='ocrx_word' id='word_1_862' title='bbox 2357 3322 2396 3352; x_wconf 92' lang='lat' dir='ltr'>ad</span> <span class='ocrx_word' id='word_1_863' title='bbox 2419 3322 2541 3352; x_wconf 85' lang='lat' dir='ltr'>malurn</span> 
     </span>
     <span class='ocr_line' id='line_1_128' title="bbox 1484 3365 2541 3408; baseline -0.002 -10"><span class='ocrx_word' id='word_1_864' title='bbox 1484 3368 1599 3398; x_wconf 84' lang='lat' dir='ltr'>finem:</span> <span class='ocrx_word' id='word_1_865' title='bbox 1625 3367 1726 3408; x_wconf 88' lang='lat' dir='ltr'>qualis</span> <span class='ocrx_word' id='word_1_866' title='bbox 1750 3367 1836 3397; x_wconf 87' lang='lat' dir='ltr'>enim</span> <span class='ocrx_word' id='word_1_867' title='bbox 1856 3373 1902 3397; x_wconf 91' lang='lat' dir='ltr'>est</span> <span class='ocrx_word' id='word_1_868' title='bbox 1918 3377 1954 3397; x_wconf 84' lang='lat' dir='ltr'>ex</span> <span class='ocrx_word' id='word_1_869' title='bbox 1970 3366 2202 3397; x_wconf 86' lang='lat' dir='ltr'>circumstantia</span> <span class='ocrx_word' id='word_1_870' title='bbox 2217 3366 2297 3402; x_wconf 91' lang='lat' dir='ltr'>finis,</span> <span class='ocrx_word' id='word_1_871' title='bbox 2323 3366 2362 3396; x_wconf 87' lang='lat' dir='ltr'>ad</span> <span class='ocrx_word' id='word_1_872' title='bbox 2384 3365 2479 3396; x_wconf 84' lang='lat' dir='ltr'>talem</span> <span class='ocrx_word' id='word_1_873' title='bbox 2495 3372 2541 3396; x_wconf 89' lang='lat' dir='ltr'>est</span> 
     </span>
     <span class='ocr_line' id='line_1_129' title="bbox 1484 3409 2540 3449; baseline -0.003 -7"><span class='ocrx_word' id='word_1_874' title='bbox 1484 3411 1581 3442; x_wconf 88' lang='lat' dir='ltr'>finem</span> <span class='ocrx_word' id='word_1_875' title='bbox 1605 3412 1799 3447; x_wconf 83' lang='lat' dir='ltr'>adiunctum,</span> <span class='ocrx_word' id='word_1_876' title='bbox 1821 3417 1850 3441; x_wconf 90' lang='lat' dir='ltr'>et</span> <span class='ocrx_word' id='word_1_877' title='bbox 1869 3421 1885 3440; x_wconf 89' lang='lat' dir='ltr'>e</span> <span class='ocrx_word' id='word_1_878' title='bbox 1902 3420 2064 3441; x_wconf 90' lang='lat' dir='ltr'>converso.</span> <span class='ocrx_word' id='word_1_879' title='bbox 2082 3410 2215 3442; x_wconf 84' lang='lat' dir='ltr'>Constat</span> <span class='ocrx_word' id='word_1_880' title='bbox 2229 3417 2335 3440; x_wconf 83' lang='lat' dir='ltr'>autem</span> <span class='ocrx_word' id='word_1_881' title='bbox 2352 3409 2440 3449; x_wconf 92' lang='lat' dir='ltr'>quod</span> <span class='ocrx_word' id='word_1_882' title='bbox 2455 3416 2540 3440; x_wconf 88' lang='lat' dir='ltr'>totus</span> 
     </span>
     <span class='ocr_line' id='line_1_130' title="bbox 1485 3452 2540 3492; baseline -0.003 -6"><span class='ocrx_word' id='word_1_883' title='bbox 1485 3456 1535 3486; x_wconf 93' lang='lat' dir='ltr'>hic</span> <span class='ocrx_word' id='word_1_884' title='bbox 1559 3466 1679 3492; x_wconf 87' lang='lat' dir='ltr'>sermo,</span> <span class='ocrx_word' id='word_1_885' title='bbox 1705 3455 1821 3485; x_wconf 90' lang='lat' dir='ltr'>scilicet</span> <span class='ocrx_word' id='word_1_886' title='bbox 1844 3454 1882 3484; x_wconf 91' lang='lat' dir='ltr'>de</span> <span class='ocrx_word' id='word_1_887' title='bbox 1906 3453 1968 3485; x_wconf 90' lang='lat' dir='ltr'>fine</span> <span class='ocrx_word' id='word_1_888' title='bbox 1992 3461 2027 3485; x_wconf 93' lang='lat' dir='ltr'>ut</span> <span class='ocrx_word' id='word_1_889' title='bbox 2050 3454 2293 3490; x_wconf 87' lang='lat' dir='ltr'>circumstantia,</span> <span class='ocrx_word' id='word_1_890' title='bbox 2319 3460 2348 3484; x_wconf 90' lang='lat' dir='ltr'>et</span> <span class='ocrx_word' id='word_1_891' title='bbox 2370 3452 2432 3484; x_wconf 88' lang='lat' dir='ltr'>fine</span> <span class='ocrx_word' id='word_1_892' title='bbox 2455 3453 2540 3484; x_wconf 82' lang='lat' dir='ltr'>malo</span> 
     </span>
     <span class='ocr_line' id='line_1_131' title="bbox 1486 3497 2540 3540; baseline -0.003 -10"><span class='ocrx_word' id='word_1_893' title='bbox 1486 3501 1525 3530; x_wconf 88' lang='lat' dir='ltr'>ad</span> <span class='ocrx_word' id='word_1_894' title='bbox 1548 3510 1645 3540; x_wconf 89' lang='lat' dir='ltr'>quem</span> <span class='ocrx_word' id='word_1_895' title='bbox 1669 3506 1755 3530; x_wconf 88' lang='lat' dir='ltr'>actus</span> <span class='ocrx_word' id='word_1_896' title='bbox 1771 3499 1885 3535; x_wconf 83' lang='lat' dir='ltr'>bonus,</span> <span class='ocrx_word' id='word_1_897' title='bbox 1910 3506 1940 3529; x_wconf 90' lang='lat' dir='ltr'>et</span> <span class='ocrx_word' id='word_1_898' title='bbox 1963 3499 2049 3529; x_wconf 91' lang='lat' dir='ltr'>bono</span> <span class='ocrx_word' id='word_1_899' title='bbox 2074 3499 2113 3529; x_wconf 88' lang='lat' dir='ltr'>ad</span> <span class='ocrx_word' id='word_1_900' title='bbox 2136 3508 2232 3539; x_wconf 89' lang='lat' dir='ltr'>quem</span> <span class='ocrx_word' id='word_1_901' title='bbox 2255 3503 2341 3528; x_wconf 89' lang='lat' dir='ltr'>actus</span> <span class='ocrx_word' id='word_1_902' title='bbox 2365 3497 2467 3527; x_wconf 87' lang='lat' dir='ltr'>malus</span> <span class='ocrx_word' id='word_1_903' title='bbox 2491 3507 2540 3528; x_wconf 89' lang='lat' dir='ltr'>or-</span> 
     </span>
    </p>
   </div>
   <div class='ocr_carea' id='block_1_30' title="bbox 2565 2231 2777 2255">
    <p class='ocr_par' dir='ltr' id='par_1_41' title="bbox 2565 2231 2777 2255">
     <span class='ocr_line' id='line_1_132' title="bbox 2565 2231 2777 2255; baseline 0 -1"><span class='ocrx_word' id='word_1_904' title='bbox 2565 2232 2576 2243; x_wconf 80' lang='lat'><strong>‘</strong></span> <span class='ocrx_word' id='word_1_905' title='bbox 2583 2231 2655 2254; x_wconf 84' lang='lat' dir='ltr'>S.Th.</span> <span class='ocrx_word' id='word_1_906' title='bbox 2663 2233 2777 2255; x_wconf 62' lang='lat' dir='ltr'>lechnu-</span> 
     </span>
    </p>
   </div>
   <div class='ocr_carea' id='block_1_31' title="bbox 2566 3201 2778 3230">
    <p class='ocr_par' dir='ltr' id='par_1_42' title="bbox 2566 3201 2778 3230">
     <span class='ocr_line' id='line_1_133' title="bbox 2566 3201 2778 3230; baseline 0.005 -7"><span class='ocrx_word' id='word_1_907' title='bbox 2566 3203 2576 3213; x_wconf 76' lang='grc'><strong>“</strong></span> <span class='ocrx_word' id='word_1_908' title='bbox 2590 3201 2661 3224; x_wconf 78' lang='lat' dir='ltr'>Num.</span> <span class='ocrx_word' id='word_1_909' title='bbox 2673 3202 2778 3230; x_wconf 77' lang='lat' dir='ltr'>praeced.</span> 
     </span>
    </p>
   </div>
  </div>
 </body>
</html>
