2852 4152
131 2036 141 2046 ·
154 2036 205 2058 Art.
219 2035 323 2064 praeced.

132 2720 141 2729 ¹
157 2719 223 2741 Vers-
239 2725 268 2746 ¹7·

372 205 447 251 246

374 284 614 321 lectationem
650 292 685 321 et
722 283 926 331 tristitiam,
963 284 1082 332 magis
1117 283 1252 331 fugitur
1288 282 1430 318 tristitia

375 348 490 384 quarn
519 337 715 373 delectatio
745 344 954 386 appetatur.

428 390 486 425 AD
515 401 673 426 TERTluM
700 401 882 426 DICENDUM
911 388 1014 437 quod
1039 388 1141 424 fortis
1162 399 1240 423 non
1259 385 1432 422 laudatur

376 452 421 477 ex
450 453 495 478 eo
525 442 628 490 quod
657 442 867 479 secundum
900 441 1083 477 rationem
1116 448 1194 475 non
1221 437 1382 474 vincitur
1410 449 1432 473 a

376 493 506 530 dolore
543 495 605 531 vel
639 494 781 530 tristitia
819 503 1084 540 quacumque,
1115 491 1182 527 sed
1219 502 1264 525 ea
1293 488 1305 514 ζ
1334 501 1432 536 quae

376 546 543 583 consistit
562 546 600 583 in
619 546 792 595 periculis
812 545 954 582 mortis.
977 545 1085 589 Quae
1107 542 1261 589 quidem
1291 541 1434 577 tristitia

427 660 453 692 ζ)
473 667 514 685 ea.
530 673 549 678 -
567 660 599 684 ab
618 665 650 684 ea
669 659 715 690 pB,
734 665 771 682 ex
789 664 819 682 ea
838 657 938 681 PEFsB
957 660 982 680 et
999 662 1025 679 a.

1020 205 1285 252 QUAESTIO
1315 205 1474 251 XXXV,
1503 202 1797 240 ARTICULUS
1825 202 1892 238 Vll

1485 282 1605 328 magis
1634 281 1770 328 fugitur
1798 292 1914 328 quarn
1943 288 2141 329 appetatur
2165 287 2183 309 η
2213 281 2407 318 delectatio
2443 280 2544 317 cibo-

1486 346 1570 370 rum
1590 334 1651 370 vel
1666 344 1934 379 venereorum,
1951 333 2048 376 circa
2068 346 2183 382 quam
2205 341 2260 370 est
2278 333 2543 382 temperantia:

1485 385 1579 422 sicut
1597 385 1674 421 vita
1689 385 1808 431 magis
1828 392 1974 421 amatur
1989 397 2103 433 quarn
2121 386 2225 422 cibus
2240 387 2301 422 vel
2318 386 2448 422 coitus.
2467 386 2543 423 Sed

1486 444 1716 485 temperatus
1738 437 1858 484 magis
1881 437 2054 474 laudatur
2078 450 2122 475 ex
2142 439 2216 474 hoc
2236 438 2340 486 quod
2359 450 2436 475 non
2455 450 2543 486 pro-

1487 489 1654 537 sequitur
1673 489 1939 525 delectationes
1966 497 2101 537 tactus,
2132 503 2246 539 quam
2274 502 2317 527 ex
2336 491 2411 526 hoc
2439 490 2580 540 quod)

1486 553 1565 577 non
1580 540 1672 588 fugit
1687 540 1848 577 tristitias
1865 542 2086 579 contrarias:
2107 550 2148 579 ut
2161 551 2263 591 patet
2283 543 2321 579 in
2337 543 2386 578 III
2401 542 2543 579 Ethic.*
2571 531 2643 579 scii

1539 653 1566 684 η)
1585 656 1738 684 appetatur.
1755 666 1774 672 -—
1792 653 1854 677 Om.
1871 653 2103 684 ABCDEGHIKL3
2122 660 2182 687 post
2200 655 2377 687 temperantia
2395 656 2465 687 ponit
2483 655 2512 680 F.

1045 732 1376 764 Commenta-aria
1398 731 1647 764 Cardjnalis
1669 730 1869 762 Caietam

420 835 569 855 -Rr1ano
600 823 712 863 quinto
741 821 875 857 omisso,
905 821 984 851 circa
1012 827 1135 851 sextum
1167 820 1308 851 eiusdem
1337 829 1432 860 quae-

375 837 559 903 Astionis,
585 867 707 896 adverte
729 865 818 905 quod
841 865 995 904 superius,
1018 865 1050 895 in
1071 875 1125 905 qu.
1141 874 1226 900 xxrx,
1248 871 1303 894 art.
1325 864 1352 899 3,
1377 863 1431 893 ubi

376 912 487 942 odium
506 916 724 949 comparatum
744 915 790 939 est
808 908 909 938 amori
928 908 961 938 in
980 908 1181 944 fortitudine,
1204 909 1285 938 duae
1308 913 1431 938 tantum

374 956 509 985 rationes
531 954 631 984 dictae
654 959 728 983 sunt
757 962 853 992 quare
877 962 933 992 per
952 952 1094 982 accidens
1117 952 1230 982 odium
1250 958 1296 982 est
1318 950 1431 981 fortius

373 1008 491 1034 amore,
512 997 627 1027 scilicet
643 1007 680 1027 ex
696 1006 804 1032 sensu,
829 1002 859 1026 et
878 995 959 1026 mala
979 996 1216 1035 coniugatione:
1241 995 1292 1025 hic
1314 1002 1429 1029 autern,

373 1052 447 1072 curn
471 1047 671 1081 comparatur
687 1039 887 1070 delectationi
906 1039 1038 1076 tristitia,
1057 1046 1117 1070 tres
1141 1039 1278 1069 rationes
1297 1037 1428 1067 afferun-

373 1093 437 1120 tur,
462 1084 578 1115 scilicet
601 1095 637 1115 ex
666 1094 774 1120 sensu,
799 1093 836 1114 ex
863 1083 946 1113 mala
978 1083 1220 1122 coniugatione,
1245 1088 1276 1112 et
1299 1091 1335 1111 ex
1358 1080 1428 1111 effe-

373 1136 434 1164 ctu,
458 1135 493 1159 ut
512 1135 596 1168 patet
615 1128 648 1158 in
667 1128 778 1158 littera.
797 1127 960 1164 Quoniam
977 1137 1043 1156 non
1062 1126 1240 1166 experimur
1259 1125 1370 1156 odium
1386 1124 1429 1154 ita

372 1172 525 1212 impedire
554 1182 696 1202 amorem
727 1181 877 1206 omnem,
908 1171 987 1201 sicut
1019 1170 1141 1200 tristitia
1170 1169 1426 1200 delectationem:

372 1216 526 1257 quoniam
548 1226 606 1246 nec
629 1225 720 1246 arnor
739 1215 780 1245 ita
798 1214 953 1245 confortat
976 1220 1122 1244 naturam
1145 1213 1225 1243 sicut
1248 1211 1426 1248 delectatio,

371 1270 429 1290 nec
452 1260 564 1290 odium
586 1259 725 1290 debilitat
747 1259 834 1288 illam
858 1258 938 1288 sicut
961 1257 1090 1288 tristitia.

1543 819 1580 849 11.
1599 819 1634 848 In
1651 818 1856 858 responsione
1876 818 1915 847 ad
1931 818 2116 854 secundum,
2133 819 2257 850 adverte
2274 819 2362 860 quod
2381 826 2487 850 motus
2504 820 2542 850 ab

1487 863 1669 898 extrinseco,
1685 872 1722 892 ex
1737 869 1824 902 parte
1840 861 1940 898 activi,
1957 868 2003 892 est
2015 861 2127 892 fortior
2142 862 2173 892 in
2186 863 2352 903 principio,
2370 873 2406 893 ex
2422 863 2543 894 ratione

1486 906 1722 942 contrarietatis,
1742 916 1806 946 qua
1822 905 2077 946 unumquodque
2097 912 2128 936 et
2151 906 2292 946 seipsum
2306 907 2497 947 imprimere,
2513 914 2543 938 et

1486 950 1636 990 opposito
1649 950 1849 980 contrarianti
1862 949 2012 980 obsistere
2024 949 2142 979 nititur.
2156 949 2197 979 Et
2210 949 2272 980 hoc
2286 950 2419 981 intendit
2430 951 2540 982 littera.

1485 994 1525 1023 Et
1548 1003 1585 1023 ex
1607 994 1669 1023 hoc
1697 993 1838 1033 sequitur
1869 993 1958 1034 quod
1981 992 2066 1023 triste
2095 993 2302 1024 coniunctum
2324 994 2437 1024 fortius
2460 994 2540 1034 agit,

1485 1043 1596 1076 utpote
1611 1037 1813 1067 contrarium.
1830 1037 1871 1067 Et
1885 1043 2113 1077 consequenter
2136 1036 2235 1076 magis
2255 1037 2386 1068 sentitur
2409 1037 2541 1078 privatio

1484 1080 1684 1116 delectabilis,
1709 1090 1807 1120 quam
1830 1080 2021 1110 sentiebatur
2040 1080 2138 1120 ipsius
2154 1079 2345 1111 coniunctio.
2362 1081 2402 1111 Et
2420 1081 2464 1112 sic
2487 1091 2543 1121 per

1483 1123 1626 1154 accidens
1653 1123 1870 1154 vehementius
1901 1123 2021 1163 fugitur
2042 1123 2167 1154 tristitia
2189 1133 2287 1164 quam
2321 1125 2542 1164 acceptabatur

1483 1167 1663 1198 delectatio:
1688 1167 1808 1198 ratione
1824 1174 1930 1198 tamen
1943 1167 2036 1197 cuius
2057 1167 2133 1198 haec
2145 1167 2271 1207 fugitur.
2287 1185 2308 1191 -
2323 1168 2370 1198 Ex
2385 1175 2472 1208 parte
2488 1177 2542 1198 au-

1483 1218 1547 1242 tem
1570 1211 1725 1251 patientis,
1737 1218 1843 1242 motus
1860 1212 1897 1242 ab
1915 1211 2086 1242 extrinseco
2104 1211 2195 1242 debet
2209 1221 2275 1242 esse
2290 1212 2395 1242 minor
2410 1212 2443 1241 in
2455 1211 2541 1252 prin-

1481 1255 1579 1295 cipio:
1604 1255 1679 1295 quia
1702 1255 1800 1296 magis
1824 1255 2083 1286 contrariatur‘in
2106 1255 2272 1296 principio.

1148 1408 1464 1450 ARTICULUS
1493 1408 1756 1450 SEPTIMUS

856 1502 1012 1533 UTRUM
1035 1502 1185 1533 DOLOR
1207 1501 1427 1532 EXTERIOR
1450 1501 1516 1532 slT
1539 1501 1678 1532 MAIOR
1702 1502 1826 1538 QUAM
1850 1501 2055 1532 INTERIOR

1232 1580 1304 1611 Infra,
1324 1588 1369 1613 qu.
1387 1587 1478 1611 xxxvn,
1497 1585 1542 1605 art.
1565 1588 1588 1610 1,
1605 1580 1637 1605 ad
1658 1579 1681 1604 3.

402 1674 463 1716 >225³
484 1677 558 1722 pff<
581 1672 604 1697 D
624 1671 802 1696 SEPTIMUM
817 1672 870 1697 516
889 1671 1127 1696 PROCEDITUR.
1144 1659 1302 1696 Videtur
1321 1659 1425 1707 quod

398 1702 558 1773 'iffi-*5⁴
583 1713 692 1750 dolor
711 1713 870 1749 exterior
885 1712 930 1749 sit
949 1712 1071 1749 maior
1085 1724 1201 1760 quarn
1222 1712 1332 1748 dolor
1346 1723 1427 1748 cor-

387 1762 502 1822 'ffffxae
522 1753 638 1802 dis
662 1765 828 1802 interior.
849 1765 970 1802 Dolor
990 1765 1091 1801 enirn
1112 1770 1129 1786 ‘²
1158 1764 1317 1801 exterior
1342 1776 1427 1801 cau-

426 1809 684 1854 wksatur
709 1829 753 1853 ex
783 1830 896 1854 causa
924 1825 1155 1866 repugnante
1185 1817 1309 1853 bonae
1339 1829 1430 1853 con-

369 1869 557 1906 sistentiae
582 1869 763 1917 corporis,
784 1870 821 1906 in
849 1881 925 1917 quo
956 1877 1010 1906 est
1033 1870 1131 1907 vita:
1162 1869 1271 1906 dolor
1298 1876 1425 1905 autem

368 1921 523 1958 interior
560 1929 734 1958 causatur
778 1934 823 1958 ex
860 1921 983 1969 aliqua
1018 1922 1286 1969 imaginatione
1324 1921 1424 1958 mali.

371 1975 470 2011 Cum
500 1986 588 2022 ergo
617 1975 695 2011 vita
719 1974 838 2021 magis
867 1982 1015 2011 ametur
1034 1986 1149 2023 quam
1178 1973 1424 2021 imaginatum

369 2027 528 2074 bonurn,
557 2026 717 2074 videtur,
739 2027 950 2064 secundum
969 2027 1161 2076 praedicta
1183 2026 1214 2074 ²¹⁶,
1231 2027 1334 2074 quod
1359 2026 1425 2063 do-

368 2081 425 2117 lor
454 2079 614 2116 exterior
641 2080 687 2116 sit
714 2079 837 2116 maior
865 2092 980 2128 quam
1010 2079 1118 2116 dolor
1145 2079 1310 2116 interior.

423 2144 458 2169 2.
487 2133 725 2179 PRAETEREA,
755 2145 814 2169 res
843 2132 962 2180 magis
991 2139 1123 2169 movet
1154 2144 1271 2181 quam
1299 2132 1353 2168 rei
1381 2132 1426 2168 si-

367 2185 552 2222 militudo,
593 2185 669 2222 Sed
707 2185 816 2222 dolor
854 2185 1014 2222 exterior
1045 2185 1221 2234 provenit
1257 2197 1302 2221 ex
1337 2184 1427 2221 reali

370 2238 635 2275 coniunctione
664 2237 818 2274 alicuius
848 2238 1043 2274 contrarii:
1074 2238 1184 2274 dolor
1217 2245 1344 2274 autem
1373 2237 1427 2274 in-

369 2290 485 2327 terior
513 2302 557 2326 ex
586 2290 825 2327 similitudine
854 2290 1028 2327 contrarii
1047 2291 1294 2339 apprehensa.
1325 2291 1426 2338 Ergo

369 2343 493 2380 maior
521 2350 576 2379 est
604 2343 713 2380 dolor
741 2343 901 2379 exterior
929 2355 1045 2392 quarn
1076 2343 1185 2379 dolor
1212 2342 1377 2379 interior.

425 2397 458 2432 3.
476 2396 708 2443 PRAETEREA,
730 2408 842 2432 causa
862 2408 907 2432 ex
928 2396 1065 2432 effectu
1081 2395 1328 2443 cognoscitur.
1352 2394 1427 2432 Sed

371 2449 480 2486 dolor
518 2448 677 2484 exterior
713 2448 827 2484 habet
865 2448 1038 2484 fortiores
1076 2448 1250 2484 effectus:
1284 2448 1427 2484 facilius

371 2500 472 2537 enim
501 2501 620 2537 homo
658 2500 818 2536 moritur
850 2508 1007 2549 propter
1041 2500 1191 2537 dolores
1228 2500 1428 2536 exteriores

370 2565 486 2602 quarn
514 2560 669 2602 propter
688 2553 861 2589 dolorem
887 2553 1116 2589 interiorem.
1147 2554 1248 2600 Ergo
1270 2552 1430 2589 exterior

370 2606 480 2643 dolor
508 2613 564 2642 est
591 2605 732 2652 maior,
773 2613 809 2642 et
835 2605 954 2653 magis
986 2605 1139 2653 fugitur,
1169 2617 1287 2654 quarn
1321 2606 1430 2642 dolor

369 2658 533 2695 interior.

424 2712 499 2748 SED
515 2722 659 2747 CONTRA
674 2721 740 2747 as’r
754 2710 859 2758 quod
876 2710 1010 2747 dicitur
1020 2709 1135 2746 Eccli.
1152 2721 1224 2746 xxv
1237 2709 1272 2746 *ε
1302 2710 1430 2746 Omnis

363 2764 486 2813 plaga
514 2763 657 2800 tristitia
686 2763 807 2800 cordis
830 2769 892 2809 est,
914 2769 950 2799 et
967 2763 1087 2799 omnis
1106 2762 1248 2799 malitia
1268 2763 1429 2810 nequitia

370 2816 547 2853 mulieris.
565 2817 679 2863 Ergo,
700 2816 794 2852 sicut
817 2815 982 2864 nequitia
1002 2815 1167 2851 mulieris
1188 2815 1278 2851 alias
1298 2815 1430 2864 nequi-

369 2869 438 2905 tias
467 2876 636 2917 superat,
666 2876 706 2905 ut
733 2868 784 2905 ibi
812 2867 1033 2914 intenditur;
1063 2867 1113 2904 ita
1136 2867 1278 2904 tristitia
1307 2867 1430 2905 cordis

371 2934 527 2958 omnem
555 2922 707 2970 plagam
737 2921 960 2958 exteriorem
991 2921 1146 2957 excedit.

423 2975 648 3011 RESPONDEO
668 2986 851 3011 DICENDUM
871 2974 975 3022 quod
1005 2973 1116 3010 dolor
1143 2973 1297 3009 interior
1312 2981 1348 3009 et
1367 2985 1429 3009 ex-

370 3027 484 3063 terior
511 3027 549 3063 in
576 3039 654 3062 uno
685 3027 926 3074 conveniunt,
957 3034 992 3063 et
1011 3026 1049 3062 in
1071 3027 1220 3063 duobus
1240 3025 1428 3063 differunt.

372 3079 616 3115 Conveniunt
635 3078 790 3127 quidem
814 3079 852 3116 in
871 3080 956 3127 hoc,
973 3079 1078 3128 quod
1096 3086 1253 3128 uterque
1275 3086 1330 3115 est
1348 3091 1430 3115 mo-

371 3138 429 3168 tus
449 3131 675 3179 appetitivae
693 3131 852 3179 virtutis,
873 3139 914 3168 ut
933 3144 1047 3181 supra
1061 3131 1081 3153 *
1101 3132 1243 3168 dictum
1264 3139 1329 3167 est.
1351 3131 1429 3168 Dif-

371 3184 495 3220 ferunt
505 3191 632 3220 autern
644 3182 659 3213 β
673 3185 882 3221 secundum
899 3185 959 3221 illa
976 3184 1052 3222 duo
1069 3197 1166 3233 quae
1182 3184 1231 3221 ad
1245 3183 1428 3220 tristitiam

372 3244 407 3272 et
441 3236 728 3273 delectationem
758 3237 1017 3286 requiruntur:
1053 3237 1192 3274 scilicet
1220 3237 1430 3273 secundum

372 3301 538 3336 causam,
560 3301 659 3338 quae
680 3296 734 3326 est
753 3289 898 3326 bonum
918 3291 979 3326 vel
999 3291 1144 3326 malum
1166 3289 1429 3336 coniunctum;

1482 1666 1517 1695 et
1545 1658 1756 1695 seeundum
1789 1658 2145 1706 apprehensionem.
2182 1659 2306 1695 Causa
2336 1658 2438 1695 enim
2472 1659 2539 1696 do-

1480 1711 1569 1747 loris
1598 1711 1789 1747 exterioris
1819 1718 1874 1747 est
1901 1712 2045 1747 malum
2075 1711 2318 1748 coniunctum
2348 1711 2453 1760 quod
2481 1724 2538 1748 re-

1480 1771 1622 1812 pugnat
1643 1763 1810 1812 corpori:
1837 1775 1951 1800 causa
1970 1771 2096 1800 autem
2118 1763 2302 1800 interioris
2323 1764 2463 1801 doloris
2483 1771 2540 1802 est

1481 1818 1624 1852 malurn
1646 1816 1888 1853 coniunctum
1918 1817 2020 1864 quod
2041 1825 2224 1865 repugnat
2246 1816 2437 1865 appetitui.
2458 1817 2538 1854 Do-

1479 1870 1537 1905 lor
1551 1868 1663 1905 etiam
1680 1869 1840 1905 exterior
1854 1869 2021 1918 sequitur
2035 1869 2376 1918 apprehensionem
2392 1882 2535 1918 sensus,

1481 1928 1517 1957 et
1535 1921 1742 1969 specialiter
1759 1929 1899 1958 tactus:
1921 1922 2030 1959 dolor
2048 1929 2175 1959 autem
2198 1922 2352 1959 interior
2371 1922 2538 1970 sequitur

1480 1974 1822 2022 apprehensionem
1857 1974 2074 2012 interiorem
2101 1979 2134 2022 Ὺ,
2164 1975 2440 2023 imaginationis
2468 1974 2537 2012 sci-

1478 2026 1564 2062 licet
1590 2027 1652 2063 vel
1681 2026 1792 2063 etiam
1822 2026 1983 2064 rationis.

1534 2078 1573 2115 Si
1602 2091 1690 2126 ergo
1719 2086 1960 2128 comparatur
1987 2091 2100 2116 causa
2123 2079 2306 2117 interioris
2330 2079 2470 2117 doloris
2489 2080 2537 2118 ad

1479 2143 1633 2168 causam
1663 2131 1866 2179 exterioris,
1895 2144 1972 2169 una
1998 2145 2067 2181 per
2095 2145 2135 2169 se
2163 2132 2324 2181 pertinet
2351 2133 2400 2170 ad
2423 2145 2538 2182 appe-

1479 2185 1610 2231 titum,
1641 2184 1747 2220 cuius
1776 2192 1830 2221 est
1857 2192 2016 2234 uterque
2050 2186 2177 2223 dolor:
2211 2186 2282 2222 alia
2309 2197 2404 2236 vero
2429 2184 2442 2207 ⁶
2468 2197 2538 2235 per

1481 2237 1592 2274 aliud.
1622 2237 1725 2273 Nam
1759 2238 1868 2274 dolor
1894 2237 2049 2274 interior
2077 2246 2132 2275 est
2160 2250 2205 2274 ex
2233 2239 2307 2274 hoc
2335 2238 2441 2286 quod
2474 2238 2538 2275 ali-

1480 2289 1569 2337 quid
1585 2297 1768 2338 repugnat
1782 2290 1852 2338 ipsi
1873 2290 2070 2339 appetitui:
2093 2290 2252 2327 exterior
2267 2297 2394 2327 autem
2415 2290 2535 2338 dolor,

1482 2354 1526 2378 ex
1556 2342 1632 2378 hoc
1666 2342 1770 2390 quod
1804 2349 1988 2391 repugnat
2020 2343 2199 2391 appetitui
2232 2342 2320 2391 quia
2352 2350 2535 2391 repugnat

1481 2393 1642 2443 corpori.
1665 2395 1826 2443 Semper
1850 2402 1977 2431 autem
1998 2394 2102 2443 quod
2123 2402 2178 2431 est
2195 2407 2265 2444 per
2283 2407 2336 2442 se,
2357 2395 2459 2444 prius
2480 2402 2538 2432 est

1483 2459 1528 2483 eo
1557 2448 1662 2494 quod
1691 2454 1745 2483 est
1766 2459 1835 2495 per
1863 2447 1975 2484 aliud.
1996 2447 2108 2485 Unde
2137 2460 2182 2484 ex
2200 2455 2306 2496 parte
2326 2448 2405 2495 ista,
2428 2448 2537 2485 dolor

1482 2499 1635 2536 interior
1667 2499 1904 2548 praeeminet
1936 2500 2057 2537 dolori
2092 2500 2276 2537 exteriori.
2305 2521 2329 2528 -
2363 2500 2538 2538 Similiter

1483 2552 1597 2588 etiam
1618 2563 1663 2587 ex
1681 2559 1787 2600 parte
1816 2551 2138 2601 apprehensionis.
2160 2553 2263 2590 Nam
2284 2552 2536 2601 apprehensio

1483 2603 1635 2641 rationis
1669 2611 1704 2640 et
1735 2604 2012 2652 imaginationis
2041 2604 2148 2641 altior
2175 2612 2231 2642 est
2258 2617 2375 2654 quam
2404 2617 2538 2655 appre-

1482 2656 1616 2693 hensio·
1644 2668 1776 2693 sensus
1795 2664 1925 2694 tactus.
1943 2678 1966 2684 -
1982 2657 2092 2694 Unde
2113 2657 2329 2706 simpliciter
2348 2665 2384 2694 et
2409 2669 2479 2706 per
2497 2669 2537 2694 se

1482 2709 1692 2758 loquendo,
1723 2709 1832 2746 dolor
1859 2709 2012 2746 interior
2038 2710 2164 2758 potior
2197 2717 2251 2747 est
2283 2722 2400 2759 quam
2429 2711 2539 2748 dolor

1484 2761 1656 2798 exterior.
1683 2762 1800 2798 Cuius
1833 2762 1981 2810 signum
2011 2770 2080 2810 est,
2111 2762 2214 2811 quod
2244 2763 2357 2799 etiarn
2386 2763 2538 2800 dolores

1483 2814 1686 2851 exteriores
1715 2814 1847 2862 aliquis
1870 2815 2081 2852 voluntarie
2101 2815 2265 2864 suscipit,
2285 2823 2327 2852 ut
2353 2815 2466 2853 evitet
2483 2815 2538 2853 in-

1483 2867 1657 2904 teriorem
1688 2868 1860 2904 dolorem
1889 2872 1912 2904 ⁸.
1936 2869 1984 2904 Et
2010 2868 2234 2916 inquantum
2259 2880 2337 2906 non
2356 2875 2540 2917 repugnat

1484 2920 1593 2956 dolor
1612 2920 1773 2956 exterior
1791 2920 1956 2958 interiori
1976 2921 2167 2970 appetitui,
2184 2922 2227 2958 fit
2246 2920 2542 2969 quodammodo

1483 2972 1710 3010 delectabilis
1739 2981 1774 3009 et
1802 2973 1989 3011 iucundus
2017 2973 2181 3010 interiori
2209 2973 2359 3021 gaudio.

1538 3025 1780 3074 Quandoque
1808 3033 1936 3063 tamen
1965 3026 2075 3063 dolor
2102 3027 2263 3063 exterior
2292 3034 2347 3063 est
2371 3038 2458 3063 cum
2483 3025 2540 3063 in-

1482 3078 1608 3114 teriori
1637 3078 1787 3115 dolore:
1814 3086 1849 3115 et
1867 3086 1957 3115 tunc
1982 3078 2090 3115 dolor
2113 3086 2280 3126 augetur.
2301 3079 2393 3116 Non
2412 3079 2537 3116 solum

1485 3131 1584 3167 enim
1602 3131 1756 3167 interior
1771 3131 1880 3168 dolor
1899 3139 1954 3168 est
1971 3130 2119 3168 maior!
2139 3143 2255 3179 quam
2277 3131 2448 3179 exterior,
2469 3130 2536 3168 sed

1484 3184 1596 3220 etiarn
1615 3183 1871 3221 universalior.
1894 3183 2091 3232 Quidquid
2120 3184 2221 3221 enim
2242 3191 2297 3221 est
2324 3195 2537 3233 repugnans

1484 3236 1645 3285 corpori,
1661 3243 1786 3285 potest
1814 3249 1896 3273 esse
1916 3249 2129 3286 repugnans
2155 3237 2321 3274 interiori
2339 3235 2534 3286 appetitui3

1483 3297 1519 3326 et
1547 3289 1732 3338 quidquid
1760 3289 2056 3339 apprehenditur
2092 3302 2222 3338 sensu,
2251 3295 2376 3338 potest
2402 3299 2533 3337 appre-

424 3402 450 3433 α)
472 3402 557 3426 Dolor
575 3402 653 3426 enim.
672 3416 690 3420 -
710 3402 795 3427 Dolor
815 3403 883 3427 enim
903 3403 992 3427 cordis
1012 3403 1221 3436 PACDFGleB
1242 3409 1267 3428 et
1285 3411 1310 3428 a.

424 3436 449 3469 β)
472 3437 606 3470 Differunt
623 3440 720 3461 autem.
738 3451 757 3456 —
777 3437 913 3470 Differunt
933 3441 1020 3462 tamen
1040 3438 1071 3467 K,
1092 3439 1146 3463 Sed
1165 3438 1293 3471 differunt
1311 3439 1357 3462 Pa.

422 3474 449 3504 γ)
470 3472 631 3496 interiorem.
645 3486 663 3490 -
676 3472 737 3496 Orn.
751 3472 783 3497 K.
792 3486 811 3491 —
822 3473 872 3496 Pro
887 3472 1095 3505 imaginationis,
1110 3474 1151 3498 vel
1165 3473 1365 3506 imaginationis
1378 3474 1432 3503 Pa;

370 3507 469 3531 scilicet
489 3507 528 3531 vel
545 3507 625 3532 etiam
641 3507 753 3532 rationis
772 3515 825 3532 om.
844 3508 873 3532 L.

1535 3403 1559 3436 ὃ)
1580 3411 1649 3429 vero.
1668 3418 1686 3422 -
1701 3404 1874 3436 pertinet‚ad
1892 3403 2038 3435 appetitum
2058 3403 2127 3428 addit
2146 3403 2175 3428 F.

1535 3442 1558 3470 ε)
1578 3440 1704 3464 dolorem.
1723 3453 1740 3457 —
1759 3439 1820 3464 Orn.
1841 3439 1885 3463 Pa.

1535 3474 1559 3506 ζ)
1579 3475 1656 3499 dolor
1675 3477 1714 3499 est
1733 3474 1827 3499 maior.
1846 3487 1863 3492 -
1881 3477 1920 3499 est
1940 3474 2026 3499 maior
2044 3474 2086 3499 ed.
2097 3480 2122 3502 a,
2141 3476 2181 3498 est
2199 3472 2284 3506 magis
2305 3472 2334 3496 P.

2643 547 2649 552 .
2658 537 2691 558 xi,
2706 537 2728 553 n.
2738 537 2758 560 5.
2769 541 2781 548 ·

2646 573 2652 579 .
2665 558 2716 580 leet.
2731 563 2780 580 xxi.
