2852 4152
141 507 150 516 ·
165 505 226 526 Vide
241 511 289 533 urg.
303 504 352 526 Sed

142 534 250 567 contra..N

237 566 251 583 0

373 209 448 244 208

374 286 499 323 solum
519 297 564 322 ex
585 297 630 322 eo
647 285 752 334 quod
772 293 827 322 est
846 285 1090 334 particularis,
1112 286 1206 322 sicut
1225 286 1336 333 lupus
1355 285 1429 321 ovi.

373 338 486 376 Unde
506 337 589 375 ovis
609 338 688 376 odit
714 339 848 387 lupum
868 338 1100 386 generaliter.
1121 359 1144 365 -
1167 338 1242 374 Sed
1261 338 1315 373 ira
1334 349 1432 373 sern-

374 403 443 440 per
471 398 646 428 causatur
666 403 709 428 ex
739 391 864 439 aliquo
884 390 1111 439 particulari:
1132 389 1286 437 quia-ex
1305 389 1431 437 aliquo

376 451 462 481 actu
480 443 679 490 laedentis;
700 451 805 480 actus
824 450 952 480 autem
971 441 1252 491 particularium
1271 447 1368 477 sunt.
1385 441 1434 477 Et

374 503 531 546 propter
557 497 632 533 hoc
659 496 915 544 Philosophus
935 495 1023 532 dicit
1042 495 1061 515 ²³
1081 493 1187 542 quod
1207 493 1266 529 ira
1287 504 1434 540 semper

376 555 431 586 est
453 550 503 586 ad
529 549 672 597 aliquid
696 549 889 600 singulare
907 545 938 591 δ,-
962 547 1088 583 odium
1106 557 1196 582 vero
1217 550 1340 593 potest
1357 557 1434 581 esse

377 602 429 639 ad
454 601 596 650 aliquid
627 602 663 638 in
691 612 841 650 genere.

431 653 508 691 Sed
527 653 660 690 odium
680 652 891 689 secundum
911 650 1016 699 quod
1041 657 1095 686 est
1113 649 1153 686 in
1169 656 1275 698 parte
1294 649 1433 687 intelle-

379 706 488 753 ctiva,
514 718 601 742 cum
631 711 884 753 consequatur
911 702 1256 751 apprehensionem
1281 702 1434 740 univer-

378 760 495 795 salem
514 758 733 804 intellectus⁷
751 763 875 805 potest
893 763 1055 803 utroque
1071 755 1189 792 modo
1207 767 1288 791 esse
1309 767 1435 804 respe-

378 818 440 848 ctu
466 809 700 847 universalis.

429 865 487 900 AD
515 874 650 899 PRIMUM
669 873 767 898 ERGO
792 872 976 898 DICENDUM
995 860 1102 908 quod
1121 871 1253 897 sensus
1272 872 1351 897 non
1370 872 1435 909 ap—

429 1000 453 1033 δ)
472 1000 618 1032 singulare.
635 1013 654 1018 —
667 999 834 1031 particulare
854 1000 900 1024 Pa.

1037 208 1302 254 QUAESTIO
1331 208 1471 254 XXIX,
1502 206 1796 244 ARTICULUS
1825 206 1876 242 VI

1484 284 1684 333 prehendit
1702 284 1925 331 universale,
1945 293 2058 334 prout
2078 294 2133 324 est
2150 286 2385 324 universale:
2411 298 2544 335 appre-

1484 337 1615 374 hendit
1646 343 1776 373 tamen
1809 336 1950 384 aliquid
1985 338 2045 375 cui
2071 351 2141 387 per
2168 339 2458 376 abstractionem
2484 350 2543 375 ac-

1487 388 1575 425 cidit
1600 388 1873 426 universalitas.

1538 442 1597 477 Ao
1625 452 1814 477 SECUNDUM
1842 452 2024 479 DICENDUM
2051 444 2155 492 quod
2178 443 2218 481 id
2237 443 2342 492 quod
2371 455 2544 480 commu-

1486 505 1534 529 ne
1564 500 1618 529 est
1646 492 1837 540 omnibus,
1867 505 1946 530 non
1972 502 2097 543 potest
2124 509 2207 533 esse
2235 496 2328 533 ratio
2348 495 2437 532 odii.
2467 495 2544 532 Sed

1487 544 1578 581 nihil
1618 544 1794 593 prohibet
1835 545 1976 594 aliquid
2017 560 2099 585 esse
2140 560 2347 586 commune
2388 547 2515 585 multis
2533 576 2543 595 ,

1488 597 1593 645 quod
1625 604 1754 633 tamen
1787 597 1955 636 dissonat
1982 600 2030 637 ab
2058 601 2158 649 aliis,
2188 609 2223 638 et
2251 601 2304 638 sic
2338 607 2392 637 est
2422 599 2474 636 eis
2503 612 2545 635 o-

1489 649 1652 686 diosum.

1540 703 1598 739 AD
1613 713 1773 739 TER-rum
1787 714 1972 740 mOENDuM
1991 705 2095 753 quod
2114 705 2176 742 illa
2195 705 2357 743 obiectio
2372 704 2545 754 procedit

1490 754 1536 791 de
1564 754 1767 791 universali
1800 755 2011 792 secundum
2040 758 2144 805 quo‘d
2171 759 2314 795 substat
2346 757 2545 795 intentioni

1488 807 1796 845 universalitatis:
1821 807 1875 844 sic
1894 807 1995 845 enim
2021 820 2099 846 non
2119 810 2215 847 cadit
2233 811 2303 848 sub
2333 811 2546 859 apprehen-

1490 860 1596 897 sione
1622 861 1686 898 vel
1713 860 1882 909 appetitu
1910 860 2102 898 sensitivo.
