2846 4146
136 1179 148 1191 1

162 1178 228 1201 vm.
242 1183 273 1206 ¹7·

136 1751 148 1763 ¹*
161 1750 229 1773 Ven-
243 1756 275 1778 ¹7·

137 1857 148 1868 ⁶
155 1855 204 1885 Qu.
213 1861 270 1884 mr,
276 1859 317 1878 nst.
322 1862 347 1883 4.

139 2201 156 2224 S

139 2177 149 2186 '
164 2175 222 2224 Ἥ
231 2181 258 2203 1¹,
272 2181 296 2197 n.
305 2181 325 2204 3.
337 2187 348 2192 -

158 2217 164 2223 .
213 2217 220 2224 .
233 2202 286 2224 lect.
300 2208 326 2224 ιι.

137 2281 146 2291 ’
162 2280 230 2302 ven.
243 2280 275 2302 16.

135 2332 227 2356 'Vei-s.
241 2339 264 2361 9.

1046 210 1310 258 QUAESTIO
1341 210 1459 257 LXV,
1488 209 1782 246 ARTICULUS
1810 209 1844 246 V

2452 219 2528 256 427

370 292 444 323 ritas
458 291 497 322 ad
512 290 607 320 fidem
624 296 653 320 et
667 298 773 330 spem;
798 296 828 320 et
842 289 929 320 aliter
945 290 984 320 ad
1001 290 1135 320 morales
1151 289 1327 329 acquisitas.
1345 289 1423 319 Istae
1478 295 1586 319 status.
1610 288 1742 327 Propter
1764 287 1852 327 quod
1877 287 2000 324 scotus,
2023 286 2056 316 in
2074 297 2164 316 xxxvr
2180 286 2379 317 distinctione
2394 286 2491 316 Tertii
2505 285 2532 321 *,

370 335 455 366 enim
466 343 532 364 non
544 333 779 365 constituuntur
791 333 825 363 in
841 343 907 363 esse
922 333 1044 364 virtutis
1058 334 1234 364 secundum
1246 333 1422 368 essentiam,

1478 339 1586 363 tenens
1609 330 1706 361 fidem
1728 338 1758 361 et
1781 340 1870 370 spem
1889 341 1955 361 esse
1974 330 2124 370 perfectas
2139 330 2277 366 virtutes,
2295 330 2374 360 sicut
2387 329 2532 365 morales,

369 388 429 409 nec
451 377 626 408 secundum
650 383 777 413 statum,
794 387 851 416 per
867 377 1034 413 caritatem,
1051 384 1105 408 aut
1124 377 1242 417 aliquid
1261 376 1344 407 eius:
1369 377 1424 406 sed
1478 376 1545 407 sine
1569 375 1710 411 caritate,
1734 374 1842 404 minus
1864 373 2081 414 perspicaciter
2103 373 2189 404 vidit.

371 422 448 453 dum
471 421 665 461 imperantur
687 421 724 450 ab
742 430 787 455 ea,
803 421 843 450 ad
862 421 1057 461 superiorem
1071 420 1215 451 ordinem
1237 420 1424 451 referuntur.

1534 420 1569 450 In
1592 418 1724 450 articulo
1739 418 1852 459 quinto
1869 418 2009 448 eiusdem
2026 417 2228 457 quaestionis,
2244 417 2321 446 nihil
2336 416 2535 447 scribendum

372 465 444 496 Illae
463 471 569 495 autem
593 474 629 495 ex
652 464 785 494 caritatis
809 464 982 504 praesentia
1005 464 1179 495 sortiuntur
1197 464 1424 504 perfectionem
1480 463 1623 493 occurrit.

1156 624 1471 666 ARTICULUS
1501 623 1757 675 QUINTUS

917 717 1071 748 UTRUM
1094 716 1278 748 CARITAS
1301 716 1448 747 POSS1T
1472 716 1573 746 ESSE
1597 716 1690 746 SINE
1713 715 1811 746 FIDE
1835 715 1892 745 ET
1915 715 1989 745 SPE

406 821 466 860 11⁴5,ss
486 824 495 839 t
507 826 558 867 ¹⁶<
582 816 605 841 D
630 816 791 847 Q01NTUM
810 817 863 842 S1c
882 816 1123 841 PROCEDITUR.
1142 804 1300 841 Videtur
1320 803 1425 852 quod

401 847 560 917 '525¹ssssss
584 857 716 894 caritas
744 857 863 905 possit
882 869 964 893 esse
993 857 1072 893 sine
1100 856 1176 893 fide
1198 863 1233 892 et
1252 868 1330 904 spe.
1353 855 1426 891 Ca-

390 911 426 956 'ly'
450 925 508 953 v,
524 914 551 953 ’(1
565 907 570 912 “
584 909 672 946 ritas
692 909 792 946 enim
813 917 868 946 est
887 922 995 946 amor
1014 908 1096 945 Dei.
1119 908 1195 945 Sed
1223 909 1328 945 Deus
1355 918 1423 956 po-

394 956 400 963 ’
429 938 470 988 ζ’*
540 954 571 996 N
583 969 654 998 test
669 974 691 998 a
710 962 820 998 nobis
836 961 953 998 amari
973 961 1200 1008 naturaliter,
1217 960 1329 997 etiam
1348 972 1427 996 non

371 1014 658 1063 praesupposita
686 1015 774 1060 fide,
803 1015 865 1051 vel
893 1026 960 1063 spe
989 1014 1135 1050 futurae
1171 1012 1424 1050 beatitudinis.

373 1067 474 1115 Ergo
504 1066 636 1103 caritas
663 1074 788 1115 potest
815 1079 897 1103 esse
925 1067 1004 1103 sine
1032 1066 1108 1103 fide
1138 1073 1174 1102 et
1201 1078 1279 1114 spe.

428 1131 462 1156 2.
493 1120 724 1165 Pmsmnm,
746 1119 878 1156 caritas
908 1127 963 1156 est
990 1119 1094 1156 radix
1113 1118 1285 1155 omnium
1310 1117 1426 1154 virtu-

373 1179 475 1217 tum;
505 1172 715 1208 secundum
734 1171 825 1208 illud
842 1173 976 1220 Ephes.
998 1183 1032 1208 111
1051 1171 1087 1207 *ε
1116 1172 1161 1207 In
1186 1171 1341 1207 caritate
1367 1182 1429 1206 ra-

373 1224 487 1261 dicati
515 1230 551 1260 et
570 1224 737 1272 fundati.
773 1224 850 1260 Sed
881 1224 986 1261 radix
1017 1224 1222 1271 aliquando
1255 1231 1310 1259 est
1347 1223 1427 1259 sine

374 1277 501 1313 ramis.
535 1277 636 1323 Ergo
672 1275 804 1312 caritas
835 1283 960 1324 potest
992 1287 1074 1312 esse
1107 1275 1310 1324 aliquando
1348 1275 1426 1312 sine

373 1329 450 1365 fide
479 1335 515 1364 et
541 1340 608 1376 spe
637 1335 672 1364 et
700 1327 779 1364 aliis
807 1328 1018 1364 virtutibus.

429 1381 463 1417 3.
493 1381 724 1429 PRAETEREA‚
757 1379 796 1415 in
825 1380 975 1416 Christo
1003 1379 1070 1415 fuit
1088 1380 1254 1427 perfecta
1283 1379 1426 1415 caritas.

374 1433 458 1480 Ipse
479 1437 496 1452 ‘²
514 1439 644 1468 tamen
662 1443 740 1467 non
760 1431 891 1468 habuit
908 1431 1028 1468 fidem
1049 1438 1084 1467 et
1108 1443 1232 1479 spem:
1254 1431 1342 1478 quia
1361 1431 1429 1467 fuit

372 1484 559 1533 perfectus
587 1484 895 1532 comprehensor,
923 1491 965 1520 ut
991 1483 1087 1519 infra
1103 1483 1123 1504 ’¹‘
1142 1483 1296 1521 dicetur.
1325 1483 1427 1530 Ergo

375 1536 506 1574 caritas
533 1543 658 1584 potest
685 1547 767 1572 esse
796 1536 876 1573 sine
904 1536 981 1573 fide
1011 1543 1047 1572 et
1074 1547 1153 1584 spe.

428 1589 502 1626 SED
522 1600 668 1626 CONTRA
686 1600 752 1625 EST
771 1588 875 1637 quod
889 1589 1095 1638 Apostolus
1111 1587 1209 1635 dicit,
1226 1588 1325 1624 Heb.
1341 1599 1376 1624 xl
1390 1587 1427 1624 *t

374 1641 463 1679 Sine
477 1641 561 1690 fide
587 1641 810 1690 impossibile
836 1647 890 1678 est
911 1641 1062 1689 placere
1089 1642 1171 1678 Deo
1179 1654 1194 1685 ,·
1217 1641 1321 1690 quod
1350 1652 1430 1676 ma-

373 1694 475 1731 xime
503 1694 662 1742 pertinet
689 1694 737 1731 ad
766 1694 970 1741 caritatem,
998 1701 1040 1730 ut
1066 1701 1189 1742 patet;
1219 1694 1429 1730 secundum

373 1747 464 1783 illud
498 1747 675 1783 Hoverb.
704 1759 765 1783 vm
787 1746 830 1783 *z
859 1748 946 1796 Ego
978 1745 1170 1796 diligentes
1207 1758 1268 1782 me
1299 1746 1427 1796 diligo.

375 1799 472 1847 Spes
499 1798 611 1836 etiam
641 1805 696 1836 est
732 1811 830 1847 quae
858 1799 1060 1836 introducit
1087 1799 1135 1836 ad
1164 1799 1368 1846 caritatem,
1389 1806 1430 1835 ut

375 1863 489 1900 supra
506 1851 527 1874 ’¹‘
550 1851 692 1889 dictum
721 1859 786 1888 est.
816 1852 919 1900 Ergo
948 1852 1080 1889 caritas
1107 1864 1186 1889 non
1213 1859 1338 1900 potest
1363 1852 1430 1888 ha-

374 1904 455 1942 beri
482 1904 560 1941 sine
587 1904 665 1941 fide
694 1911 730 1941 et
757 1917 837 1953 spe.

428 1957 653 1994 RESPONDEO
681 1969 863 1994 DICENDUM
891 1957 996 2005 quod
1025 1957 1156 1994 caritas
1189 1969 1267 1994 non
1303 1957 1428 1994 solum

375 2009 560 2058 significat
578 2021 751 2046 amorem
770 2009 854 2056 Dei,
871 2010 939 2046 sed
958 2010 1071 2046 etiam
1087 2009 1291 2046 amicitiam
1311 2022 1429 2058 quan-

377 2062 466 2099 dam
482 2062 530 2099 ad
544 2062 687 2111 ipsum;
707 2074 806 2111 quae
825 2062 981 2109 quidem
1002 2075 1116 2111 super
1135 2074 1307 2099 amorem
1328 2062 1431 2099 addit

375 2119 550 2152 mutuam
565 2115 864 2152 redamationem
885 2127 972 2152 cum
993 2115 1159 2164 quadam
1179 2122 1311 2152 mutua
1327 2127 1430 2151 corn-

376 2167 643 2216 municafione,
670 2175 712 2204 ut
739 2167 872 2205 dicitur
898 2168 936 2204 in
964 2168 1051 2205 VIII
1069 2168 1189 2205 Ethic.
1209 2168 1230 2190 '¹‘
1250 2169 1299 2205 Et
1325 2169 1429 2216 quod

375 2221 450 2258 hoc
469 2220 518 2258 ad
537 2220 729 2257 caritatem
755 2221 951 2269 pertineat,
971 2228 1074 2269 patet
1091 2233 1160 2270 per
1182 2221 1222 2258 id
1241 2222 1344 2270 quod
1375 2221 1430 2258 di-

376 2273 470 2309 citur
497 2274 511 2309 I
532 2274 635 2310 Ioan.
657 2285 692 2310 1v
709 2272 744 2309 *ε
778 2274 853 2315 Qui
876 2279 1004 2310 manet
1029 2274 1066 2310 in
1095 2274 1260 2319 caritate,
1286 2275 1322 2310 in
1347 2275 1429 2310 Deo

375 2331 519 2371 manet,
549 2331 585 2362 et
610 2326 713 2361 Deus
743 2326 780 2362 in
809 2338 864 2362 eo.
889 2327 939 2362 Et
966 2327 978 2362 I
1008 2327 1060 2363 ad
1090 2327 1176 2363 Cor.
1198 2338 1207 2362 1
1226 2325 1246 2348 ’¹⁵
1275 2326 1427 2363 dicitur:

1478 803 1615 839 Fidelis
1638 804 1754 849 Deus,
1777 815 1850 851 per
1876 815 1985 851 quem
2013 803 2137 839 vocati
2153 803 2236 839 estis
2269 803 2305 839 in
2325 803 2535 839 societatem

1478 855 1567 891 Filii
1584 856 1672 892 eius.
1695 856 1800 892 Haec
1820 863 1947 892 autem
1967 855 2126 892 societas
2149 855 2315 894 hominis
2334 855 2383 892 ad
2397 854 2534 901 Deum,

1479 919 1577 955 quae
1611 916 1665 944 est
1684 906 1699 936 β
1731 908 1920 956 quaedam
1954 908 2144 944 familiaris
2178 907 2415 944 conversatio
2446 919 2533 944 cum

1481 960 1576 1008 ipso,
1597 960 1795 996 inchoatur
1822 960 1979 1008 quidem
2007 960 2068 997 hic
2096 961 2134 997 in
2152 960 2339 1009 praesenti
2358 972 2427 1008 per
2454 972 2536 1007 gra-

1481 1013 1594 1060 tiam,
1622 1013 1838 1061 perficietur
1865 1020 1991 1049 autern
2020 1013 2057 1049 in
2086 1013 2209 1049 futuro
2237 1025 2306 1061 per
2325 1013 2483 1061 gloriam
2501 1018 2533 1049 Y:

1481 1077 1646 1114 quorum
1661 1073 1863 1114 utrumque
1883 1065 1960 1102 fide
1980 1073 2016 1102 et
2035 1078 2100 1114 spe
2121 1073 2277 1102 tenetur.
2311 1065 2423 1103 Unde
2443 1065 2537 1101 sicut

1481 1117 1614 1167 aliquis
1642 1130 1719 1154 non
1748 1125 1878 1166 posset
1905 1130 1992 1154 cum
2012 1118 2138 1166 aliquo
2158 1118 2360 1154 amicitiam
2381 1119 2534 1164 habere,

1482 1170 1511 1206 si
1540 1170 1767 1207 discrederet
1798 1171 1860 1207 vel
1885 1171 2101 1218 desperaret
2120 1183 2160 1207 se
2179 1183 2292 1219 posse
2311 1171 2452 1207 habere
2472 1170 2535 1207 ali-

1481 1235 1598 1270 quam
1627 1223 1846 1259 societatem
1865 1224 1927 1259 vel
1960 1223 2182 1260 familiarem
2207 1223 2536 1259 conversationem

1482 1287 1569 1312 cum
1598 1275 1703 1324 ipso;
1732 1275 1782 1312 ita
1811 1275 1942 1323 aliquis
1969 1288 2046 1312 non
2079 1283 2203 1324 potest
2235 1276 2376 1312 habere
2411 1275 2538 1312 amici-

1481 1327 1571 1363 tiam
1601 1327 1649 1364 ad
1677 1329 1816 1374 Deum,
1846 1340 1944 1376 quae
1974 1336 2028 1364 eSt
2056 1328 2200 1375 caritas,
2230 1328 2300 1364 nisi
2327 1328 2444 1365 fidem
2472 1329 2538 1364 ha-

1481 1380 1580 1426 beat,
1609 1392 1678 1428 per
1706 1392 1821 1428 quam
1851 1380 1979 1417 credat
2005 1380 2224 1417 huiusmodi
2252 1380 2472 1417 societatem
2503 1386 2539 1416 et

1483 1432 1812 1469 conversationem
1840 1433 2005 1469 hominis
2034 1445 2121 1469 cum
2150 1434 2248 1478 Deo,
2279 1441 2314 1469 et
2346 1440 2470 1481 speret
2498 1445 2537 1469 se

1483 1483 1531 1520 ad
1559 1484 1657 1520 hanc
1685 1485 1902 1521 societatem
1930 1485 2128 1534 pertinere.
2157 1486 2206 1521 Et
2225 1486 2278 1522 sic
2298 1486 2430 1522 caritas
2458 1485 2538 1522 sine

1482 1536 1559 1572 fide
1589 1543 1625 1572 et
1653 1549 1720 1584 spe
1748 1537 1852 1573 nullo
1881 1539 1998 1574 modo
2029 1550 2110 1574 esse
2138 1545 2273 1586 potest.

1524 1589 1595 1625 *An
1615 1600 1751 1626 PR1MUM
1770 1600 1866 1626 ERGO
1895 1601 2078 1626 DlCENDUM
2107 1590 2212 1638 quod
2236 1590 2367 1626 caritas
2387 1602 2465 1627 non
2485 1598 2540 1626 est

1483 1641 1770 1690 qualiscumque
1800 1653 1909 1678 amor
1936 1642 2028 1678 Dei:
2058 1643 2126 1679 sed
2154 1654 2261 1678 amor
2288 1642 2360 1678 Dei
2385 1654 2462 1691 quo
2487 1642 2539 1679 di-

1482 1693 1604 1741 ligitur
1630 1702 1672 1730 ut
1699 1694 1939 1731 beatitudinis
1968 1694 2171 1742 obiectum,
2192 1695 2240 1731 ad
2259 1695 2363 1743 quod
2392 1694 2540 1731 ordina-

1484 1758 1571 1783 mur
1597 1759 1666 1796 per
1693 1747 1812 1783 fidem
1841 1754 1878 1783 et
1905 1759 2024 1795 spem.

1536 1801 1595 1836 AD
1624 1812 1813 1836 SECUNDUM
1841 1811 2024 1836 mCENDuM
2053 1800 2157 1848 quod
2186 1799 2318 1836 caritas
2347 1806 2403 1836 est
2437 1799 2541 1836 radix

1483 1852 1573 1889 fidei
1603 1859 1639 1889 et
1665 1853 1746 1901 spei
1768 1852 1809 1899 ²¹⁶,
1838 1852 2063 1900 inquantum
2092 1853 2156 1889 dat
2188 1853 2240 1889 eis
2267 1852 2539 1901 perfectionem

1482 1905 1640 1942 virtutis.
1671 1905 1747 1942 Sed
1780 1905 1877 1942 fides
1912 1913 1948 1941 et
1975 1917 2080 1953 spes,
2111 1905 2321 1942 secundum
2354 1905 2540 1942 rationem

1482 1958 1688 2006 propriam,
1718 1965 2076 2006 praesupponuntur
2103 1959 2150 1995 ad
2180 1958 2382 2006 caritatem⁷
2412 1967 2453 1995 ut
2481 1971 2541 1995 su-

1482 2010 1584 2058 pra*
1613 2010 1754 2047 dictum
1775 2018 1841 2047 est.
1872 2011 1920 2047 Et
1939 2011 1992 2047 sic
2012 2011 2144 2048 caritas
2170 2011 2250 2048 sine
2279 2011 2332 2048 eis
2361 2023 2443 2048 esse
2462 2024 2541 2048 non

1482 2070 1618 2112 potest.

1536 2117 1594 2152 An
1614 2127 1773 2153 TERTmM
1792 2127 1975 2153 mci-:NDUM
2008 2116 2112 2164 quod
2141 2116 2290 2154 Christo
2311 2117 2428 2154 defuit
2445 2118 2542 2155 fides

1484 2175 1520 2205 et
1548 2181 1646 2218 spes,
1679 2176 1836 2218 propter
1861 2169 1900 2206 id
1928 2169 2031 2217 quod
2063 2177 2119 2206 est
2149 2169 2444 2218 imperfectionis
2462 2168 2476 2192 ὅ
2504 2171 2542 2207 in

1485 2221 1549 2258 eis.
1580 2222 1657 2258 Sed
1684 2222 1769 2258 loco
1788 2221 1895 2269 fidei,
1923 2222 2056 2258 habuit
2079 2230 2249 2271 apertam
2267 2223 2476 2269 visionem;
2507 2231 2543 2260 et

1483 2275 1568 2311 loco
1597 2274 1688 2322 spei,
1709 2275 1864 2322 plenam
1893 2275 2288 2323 comprehensionem.
2319 2277 2367 2312 Et
2395 2276 2448 2312 sic
2475 2276 2544 2312 fuit

1482 2327 1648 2375 perfecta
1676 2327 1809 2363 caritas
1837 2327 1875 2363 in
1904 2339 1962 2364 eo.

428 2455 455 2490 α)
475 2456 543 2488 Ipse.
555 2469 575 2475 -
594 2456 630 2481 Et
648 2455 702 2488 ipse
720 2456 767 2481 Pa.

428 2490 453 2524 β)
473 2498 540 2523 quae
557 2497 605 2516 est.
622 2503 642 2510 —-
659 2494 698 2516 est
716 2492 754 2515 SH
775 2496 800 2516 et
818 2498 845 2521 a,
864 2494 890 2515 et
908 2492 993 2516 ceteri.

1539 2459 1566 2491 γ)
1581 2465 1633 2490 per
1650 2458 1774 2490 gloriam.
1791 2471 1809 2477 —
1828 2458 1854 2482 in
1872 2458 1961 2491 gloria
1979 2459 2135 2483 ABCDHIL.

1538 2492 1563 2526 ὃ)
1584 2493 1797 2526 imperfectionis.
1811 2507 1830 2511 —
1848 2493 1949 2525 aliquid
1968 2493 2172 2526 imperfectionis
2190 2494 2236 2518 Ρα.

2560 290 2567 298 ·
2586 289 2636 309 Art.
2650 294 2673 314 4.

2568 1863 2577 1871 '
2592 1861 2620 1882 D.
2635 1862 2687 1890 306.

2568 2018 2579 2029 ¹⁶
2596 2018 2643 2046 Qu.
2657 2024 2717 2046 un,
2737 2022 2779 2041 art.
