2852 4152
0 0 28 527 ἴ

0 528 18 849 ἓ

128 825 254 873 htfffssu'dq
273 829 318 845 xxv
320 829 339 850 π’

129 934 203 961 Qu.
217 939 290 955 mn.

130 987 141 996 ⁶
155 986 203 1013 Qu.
217 991 300 1006 xxxin.

130 1040 140 1049 ·
155 1037 204 1066 Qu.
217 1043 295 1059 xxxiv.

1052 243 1316 290 QUAESTIO
1345 243 1486 290 XXXI,
1515 242 1809 279 ARTICULUS
1838 244 1852 278 I

2466 236 2538 273 215

873 442 1283 518 QUAESTIO
1322 440 2034 497 TRIGESIMAPRIMA

747 561 845 600 DE
893 560 1533 601 DELECTATIONE
1582 559 2023 600 SECUNDUM
2072 559 2161 600 SE

1184 674 1218 698 IN
1248 674 1346 699 OCTO
1374 673 1575 698 ARTICULOS
1603 673 1718 697 DIVISA

451 779 559 804 ΕιΝυΕ
594 766 915 804 considerandum
949 774 1004 803 est
1037 767 1084 804 de
1114 766 1360 804 delectatione
1392 768 1443 802 et'

451 819 595 857 tristitia
617 820 647 856 *.
679 819 789 856 Circa
817 819 1104 856 delectatIOnem
1133 832 1227 856 vero
1257 818 1428 855 conside-

368 873 486 910 randa
514 880 601 909 sunt
628 880 809 921 quatuor:
830 872 967 921 primo,
995 873 1042 909 de
1070 872 1152 920 ipsa
1180 871 1427 908 delectatione

368 925 578 963 secundum
607 937 666 970 se;
697 925 878 972 secundo,
899 925 946 961 de
975 923 1096 961 causis
1122 923 1376 960 delectationis
1390 922 1426 969 *;

367 978 494 1025 tertio,
526 978 573 1015 de
602 977 797 1014 effectibus
831 977 910 1014 eius
937 977 972 1022 '¹‘;
1003 983 1155 1024 quarto,
1185 976 1231 1013 de
1261 976 1428 1012 bonitate

369 1038 405 1067 et
435 1030 576 1068 malitia
603 1030 719 1079 ipsius
733 1030 764 1067 ³⁸.

369 1083 480 1121 Circa
506 1083 675 1133 primum
703 1089 936 1131 quaeruntur
964 1089 1062 1119 oct0.

421 1136 573 1173 Primo:
601 1143 729 1173 utrum
758 1134 955 1172 delectatio
985 1134 1030 1171 sit
1056 1133 1194 1182 passio.

422 1188 622 1226 Secundo:
651 1195 777 1225 utrum
806 1188 852 1224 sit
878 1187 916 1224 in
944 1194 1128 1235 tempore.

421 1241 574 1278 Tertio:
601 1249 729 1278 utrum
759 1239 907 1277 differat
934 1252 957 1275 a
983 1239 1132 1286 gaudio.

1536 766 1702 812 Quarto:
1733 773 1858 802 utrum
1888 765 1934 802 sit
1965 765 2002 802 in
2031 765 2199 814 appetitu
2227 765 2464 802 intellectivo.

1535 824 1698 871 Quinto:
1729 824 1775 860 de
1805 824 2089 872 comparatione
2111 823 2403 861 delectationum
2427 836 2539 873 supe-

1588 883 1695 920 rioris
1724 883 1920 932 appetitus,
1950 884 1999 921 ad
2027 883 2314 920 delectationem
2341 883 2537 921 inferioris.

1536 943 1671 979 Sexto:
1701 941 1748 978 de
1778 942 2061 990 comparatione
2082 942 2373 978 delectationum
2394 942 2539 978 sensiti-

1586 1013 1724 1038 varum
1753 1000 1800 1037 ad
1824 1000 1999 1037 invicem.

1536 1060 1728 1109 Septimo:
1757 1067 1884 1096 utrum
1913 1060 1960 1096 sit
1987 1060 2112 1109 aliqua
2141 1060 2337 1097 delectatio
2366 1073 2445 1098 non
2473 1073 2539 1098 na-

1586 1119 1726 1157 turalis.

1535 1179 1706 1215 Octavo:
1735 1185 1861 1214 utrum
1889 1177 2083 1214 delectatio
2112 1178 2231 1226 possit
2250 1190 2332 1215 esse
2353 1178 2537 1215 contraria

1588 1236 1835 1273 delectationi.

1177 1345 1493 1387 ARTICULUS
1522 1345 1728 1387 PRIMUS

1094 1440 1249 1470 UTRUM
1272 1438 1553 1469 DELECTATIO
1578 1407 1644 1469 siT
1668 1439 1812 1470 PASSIO

955 1522 1031 1554 Infra,
1052 1529 1096 1554 qu.
1114 1529 1185 1549 xxxV,
1205 1525 1252 1545 art.
1276 1528 1301 1551 13
1321 1521 1355 1544 1v
1374 1520 1457 1548 Sem„
1477 1520 1536 1545 dist.
1554 1527 1625 1550 ηις,
1645 1528 1689 1552 qu.
1703 1528 1739 1551 111,
1759 1526 1805 1545 art.
1824 1529 1845 1550 1,
1865 1522 1911 1552 qu=
1928 1529 1944 1545 1.

511 1646 557 1694 ἐξ(
581 1634 604 1659 n
633 1633 769 1658 PRlMUM
797 1632 850 1657 stc
876 1630 1115 1657 PROCEDITUR.
1145 1617 1304 1654 Videtur
1323 1617 1427 1665 quod

500 1666 776 1735 ξἰ”ἀεε15ε;ῖειῑίο
805 1685 884 1709 non
912 1672 958 1709 sit
990 1672 1130 1720 passio,
1164 1672 1429 1707 Damascenus

325 1744 342 1776 ,ι
388 1732 391 1736 ’
420 1731 430 1739 ”
474 1744 503 1761 m
530 1733 559 1768 r.
582 1726 696 1773 enim,
712 1726 750 1762 in
766 1727 798 1762 II
814 1725 951 1771 libro’¹‘‚
964 1723 1154 1772 distinguit
1168 1722 1428 1772 operationem

391 1758 550 1814 ²223)

540 1772 605 1815 &a
635 1778 837 1827 passione,
872 1778 1000 1814 dicens
1037 1777 1142 1824 quod
1178 1776 1344 1825 operatio
1377 1781 1432 1812 est

369 1837 491 1868 motus
523 1832 589 1880 qui
623 1837 678 1868 est
712 1831 915 1867 secundum
950 1835 1147 1876 naturam,
1174 1828 1302 1876 passio
1338 1840 1428 1865 vero

354 1890 426 1926 ‚est
440 1890 562 1921 motus
580 1889 711 1920 contra
730 1889 919 1920 naturam.
951 1883 1026 1919 Sed
1047 1881 1244 1919 delectatio
1264 1888 1319 1917 est
1338 1893 1429 1929 ope-

318 1951 344 1989 -j
371 1936 476 1984 ratio,
496 1944 538 1974 ut
561 1936 816 1985 Philosophus
837 1935 934 1982 dicit,
950 1935 989 1972 in
1006 1935 1075 1971 VII
1090 1934 1111 1956 '¹‘
1139 1941 1175 1970 et
1193 1934 1228 1970 X
1241 1933 1281 1956 *Β*
1307 1934 1426 1970 Ethic.

337 2009 343 2015 ·
371 1990 472 2037 Ergo
503 1989 699 2026 delectatio
729 2001 808 2026 non
837 1995 892 2025 est
918 1987 1056 2036 passio.

426 2054 461 2079 2.
491 2043 724 2088 PRAE‘OEREA,
751 2041 832 2089 pati
857 2046 912 2077 est
932 2040 1086 2086 moveri,
1106 2046 1149 2076 ut
1168 2039 1302 2076 dicitur
1320 2039 1426 2075 in-III

250 2105 343 2146 ¹¹¹’!²;,.’
370 2094 555 2144 Phyxia*
583 2094 661 2131 Sed
689 2094 886 2131 delectatio
915 2105 994 2130 non
1022 2092 1190 2129 consistit
1211 2092 1250 2129 in
1269 2091 1428 2137 moveri,

308 2151 344 2204 ζ’ξζ
371 2148 440 2186 sed
466 2147 506 2184 in
531 2154 680 2184 motum
709 2159 811 2184 esse:
843 2154 1017 2183 causatur
1037 2145 1138 2182 enim
1167 2144 1364 2182 delectatio
1384 2156 1430 2180 ex

337 2218 343 2224 ·
372 2201 476 2238 bono
500 2200 577 2237 iam
597 2200 747 2248 adepto.
778 2200 880 2247 Ergo
901 2198 1098 2236 delectatio
1117 2210 1195 2235 non
1215 2205 1271 2234 est
1288 2197 1427 2245 passio.

428 2254 463 2290 3.
493 2254 733 2299 PRAETEREA,
763 2252 960 2289 delectatio
998 2251 1164 2288 consistit
1195 2250 1235 2286 in
1262 2249 1429 2297 quadam

371 2305 602 2355 perfectione
631 2304 823 2342 delectati:
846 2304 998 2353 perficit
1028 2303 1130 2340 enim
1157 2303 1429 2350 operationem,

280 2383 336 2415 ’.Π
372 2365 415 2396 ut
441 2358 574 2396 dicitur
601 2358 639 2394 in
662 2359 698 2394 X
715 2358 836 2394 Ethic.
855 2357 876 2379 ²¹²
904 2357 981 2394 Sed
1008 2356 1140 2405 perfici
1167 2368 1247 2392 non
1275 2363 1330 2392 est
1355 2355 1432 2403 pati

301 2410 315 2442 ’e
339 2410 346 2442 ἶ
373 2411 626 2458 vel'alterari,
655 2417 696 2446 ut
724 2410 859 2446 dicitur
891 2409 929 2447 in
956 2410 1025 2446 VII
1053 2408 1200 2456 Physic.
1220 2407 1240 2429 '¹‘
1269 2415 1305 2444 et
1331 2408 1370 2444 in
1398 2409 1429 2444 ΙΙ

313 2484 346 2522 ¹-
373 2465 420 2501 de
445 2463 585 2500 Anima
599 2462 630 2499 *.
661 2464 762 2510 Ergo
792 2462 989 2499 delectatio
1019 2474 1097 2498 non
1125 2468 1182 2497 est
1206 2460 1345 2509 passio.

429 2517 504 2553 SED
533 2527 678 2553 CONTRA
705 2527 771 2552 EST
799 2515 904 2563 quod
931 2515 1183 2562 Augustinus,
1213 2513 1250 2549 in
1280 2512 1367 2549 IX*
1396 2519 1432 2548 et

321 2567 327 2573 ’
375 2569 463 2606 XIV
476 2568 497 2590 ²⁸
514 2569 560 2605 de
583 2569 661 2605 civ.
678 2568 766 2613 Dei,
793 2568 899 2615 ponit
922 2566 1221 2611 delectationem,
1242 2565 1323 2601 sive
1342 2577 1431 2612 gau-

376 2621 482 2658 dium
499 2621 562 2658 vel
580 2620 770 2667 laetitiam,
791 2620 886 2656 inter
909 2619 1000 2656 alias
1019 2618 1214 2667 passiones
1239 2617 1400 2654 animae.

429 2674 652 2710 REsponnao
673 2684 856 2709 DICENDUM
875 2671 980 2719 quod
996 2678 1122 2707 motus
1142 2670 1328 2718 appetitus
1348 2682 1431 2706 sen-

263 2749 269 2760 .
313 2748 347 2754 --
375 2725 474 2762 sitivi
500 2725 653 2773 proprie
680 2724 807 2773 passio
835 2724 1064 2770 nominatur,
1085 2723 1180 2759 sicut
1198 2735 1312 2770 supra
1329 2722 1350 2744 ‘¹‘
1377 2722 1430 2759 di-

376 2785 483 2816 ctum
510 2785 575 2814 est.
604 2776 767 2813 Affectio
791 2784 919 2813 autern
949 2787 1212 2823 quaecumque
1234 2787 1277 2811 ex
1298 2787 1431 2823 appre—

374 2829 559 2867 hensione
579 2829 755 2866 sensitiva
773 2828 997 2877 procedens,
1025 2835 1081 2864 est
1098 2835 1225 2864 motus
1245 2827 1431 2876 appetitus

376 2882 555 2919 sensitivi.
577 2883 663 2918 Hoc
685 2889 815 2918 autem
843 2893 997 2918 necesse
1018 2887 1074 2917 est
1093 2887 1309 2928 competere
1330 2880 1430 2916 dele

377 2935 539 2971 ctationi.
561 2935 676 2980 Nam,
693 2934 788 2970 sicut
814 2933 1069 2981 Philosophus
1094 2932 1181 2969 dicit
1198 2932 1236 2968 in
1261 2933 1430 2969 IRheto-

250 3001 258 3016 1
282 3000 295 3015 ¹1
319 3000 335 3015 ¹·
376 2987 475 3034 rie-,²¹3
491 2987 681 3024 delectatio
696 2992 748 3023 est
762 2986 914 3034 quidam
933 2991 1054 3022 motus
1073 2985 1234 3030 animae,
1250 2990 1287 3020 et
1299 2985 1430 3021 consti-

376 3040 464 3076 tutio
483 3039 596 3076 simul
614 3045 688 3076 tota
704 3045 740 3075 et
755 3038 937 3075 sensibilis
951 3038 988 3074 in
1005 3043 1180 3074 naturam
1200 3037 1426 3074 existentem.

429 3093 490 3129 Ad
510 3092 617 3128 cuius
635 3091 876 3137 intellectum,
898 3089 1218 3127 considerandum
1239 3097 1294 3126 est
1311 3089 1426 3138 quod,

376 3145 472 3182 sicut
500 3143 679 3191 contingit
710 3144 749 3180 in
778 3144 889 3180 rebus
922 3142 1154 3180 naturalibus
1187 3141 1311 3190 aliqua
1340 3154 1428 3179 con-

377 3197 482 3245 sequi
511 3209 597 3233 suas
633 3196 883 3244 perfectiones
920 3195 1127 3241 naturales,
1156 3195 1207 3231 ita
1239 3195 1314 3231 hoc
1341 3207 1430 3231 con-

376 3250 480 3297 tingit
505 3249 544 3285 in
572 3248 809 3286 animalibus.
831 3249 880 3284 Et
906 3248 1082 3296 quamvis
1106 3246 1255 3284 moveri
1278 3247 1327 3284 ad
1346 3259 1429 3295 per-

375 3302 579 3339 fectionem
606 3313 684 3338 non
713 3300 756 3337 sit
785 3308 906 3337 totum
935 3301 1062 3347 simul,
1091 3308 1220 3336 tamen
1248 3300 1429 3347 consequi

376 3355 584 3392 naturalem
616 3353 888 3402 perfectionem
925 3361 980 3389 est
1010 3360 1133 3389 totum
1165 3352 1289 3389 simul.
1324 3353 1428 3390 Haec

430 3478 457 3510 α)
477 3478 584 3502 dicitur.
600 3490 620 3496 -
637 3476 703 3501 dicit
721 3476 834 3506 codices,
854 3480 879 3500 et
898 3476 931 3500 ita
949 3475 1013 3500 infra
1036 3476 1110 3500 tertio
1133 3480 1157 3499 et
1181 3480 1272 3507 quarto
1296 3475 1353 3499 loco
1372 3482 1431 3499 cum

393 3513 415 3537 d·
430 3531 436 3537 .
474 3531 480 3537 .

375 3521 391 3538 e
409 3518 502 3580 afflatu
522 3550 629 3572 natura.
646 3560 665 3565 -
683 3549 782 3571 natura
802 3546 911 3570 codices.

1483 1623 1611 1653 autem
1645 1623 1700 1652 est
1728 1616 1938 1653 differentia
1968 1617 2062 1653 inter
2090 1618 2264 1655 animalia
2299 1628 2334 1656 et
2362 1621 2451 1658 alias
2480 1634 2541 1658 res

1482 1669 1683 1715 naturales,
1709 1668 1814 1717 quod
1843 1669 1935 1705 aliae
1961 1681 2019 1705 res
2048 1671 2246 1717 naturales,
2268 1673 2421 1719 quando
2451 1686 2541 1711 con-

1482 1722 1683 1758 stituuntur
1710 1721 1748 1758 in
1776 1721 1813 1757 id
1843 1721 1947 1769 quod
1973 1722 2150 1758 convenit
2170 1723 2223 1759 eis
2242 1725 2454 1762 secundum
2474 1739 2541 1762 na-

1481 1782 1618 1821 turam,
1639 1775 1714 1810 hoc
1741 1786 1820 1810 non
1843 1774 2026 1810 sentiunt:
2057 1774 2125 1811 sed
2153 1775 2330 1812 animalia
2358 1778 2432 1813 hoc
2457 1790 2541 1815 sen-

1482 1827 1587 1865 tiunt.
1618 1828 1666 1863 Et
1694 1839 1740 1863 ex
1767 1827 1839 1863 isto
1873 1839 1987 1863 sensu
2022 1835 2196 1864 causatur
2224 1829 2380 1876 quidam
2413 1838 2540 1867 motus

1482 1880 1632 1917 animae
1664 1879 1702 1916 in
1737 1879 1905 1927 appetitu
1938 1879 2135 1916 sensitivo:
2166 1888 2201 1917 et
2234 1881 2302 1917 iste
2331 1890 2458 1919 motus
2488 1891 2543 1920 est

1482 1932 1692 1969 delectatio.
1722 1933 1796 1968 Per
1819 1932 1894 1968 hoc
1917 1944 2006 1979 ergo
2031 1932 2135 1980 quod
2160 1933 2294 1970 dicitur
2319 1939 2335 1955 α
2354 1935 2458 1982 quod
2479 1936 2542 1973 de-

1482 1985 1629 2022 lectatio
1659 1991 1715 2020 est
1737 1989 1859 2020 motus
1885 1985 2048 2030 animae,
2068 1985 2222 2033 ponitur
2239 1986 2278 2023 in
2296 1998 2447 2034 genere.
2468 1989 2542 2026 Per

1482 2038 1557 2074 hoc
1585 2044 1713 2074 autem
1742 2036 1846 2095 quod
1876 2036 2010 2073 dicitur
2035 2037 2242 2074 constitutio
2268 2039 2305 2076 in
2325 2040 2541 2078 existentem

1483 2095 1671 2135 naturam,
1699 2089 1795 2126 idest
1821 2089 1860 2125 in
1888 2089 1928 2125 id
1955 2089 2059 2137 quod
2089 2090 2209 2127 existit
2235 2090 2273 2128 in
2292 2099 2426 2129 natura
2440 2091 2455 2122 β
2474 2094 2540 2142 rei,

1482 2142 1635 2191 ponitur
1649 2154 1763 2178 causa
1779 2141 2046 2189 delectationis,
2063 2141 2202 2179 scilicet
2219 2145 2433 2192 praesentia
2453 2158 2543 2183 con-

1483 2194 1661 2232 naturalis
1680 2199 1695 2222 Υ
1723 2194 1826 2232 boni.
1857 2194 1929 2230 Per
1951 2195 2027 2231 hoc
2054 2202 2181 2232 autem
2210 2198 2315 2243 quod
2343 2197 2477 2237 dicitur
2493 2200 2542 2236 si-

1483 2248 1563 2285 mul
1594 2253 1687 2293 tota,
1726 2247 1889 2284 ostendit
1921 2247 2024 2295 quod
2059 2248 2274 2286 constitutio
2312 2262 2391 2287 non
2427 2251 2542 2289 debet

1484 2301 1603 2349 accipi
1635 2307 1749 2349 prout
1786 2307 1841 2337 est
1877 2299 1916 2336 in
1949 2300 2144 2347 constitui,
2174 2301 2242 2339 sed
2273 2310 2388 2350 prout
2421 2311 2477 2356 est
2503 2305 2541 2343 in

1485 2354 1727 2390 constitutum
1757 2365 1858 2399 esse,
1888 2353 1995 2401 quasi
2020 2353 2060 2390 in
2095 2354 2257 2391 termino
2286 2364 2434 2393 motus:
2462 2370 2542 2395 non

1482 2407 1586 2444 enim
1615 2405 1811 2443 delectatio
1841 2413 1896 2442 est
1923 2406 2131 2453 generatio,
2160 2414 2202 2444 ut
2228 2408 2335 2445 Plato
2363 2410 2540 2458 posuit,
2508 2410 2528 2432 ’¹‘

1482 2460 1551 2496 sed
1579 2458 1699 2506 magis
1728 2458 1894 2495 consistit
1920 2458 1959 2494 in
1984 2459 2126 2496 factum
2156 2472 2249 2506 esse,
2278 2468 2320 2497 ut
2349 2462 2511 2499 dicitur'
2503 2439 2542 2500 lri

1483 2513 1552 2549 VII
1580 2512 1699 2548 Ethic.
1728 2510 1748 2532 ‘¹‘
1775 2511 1849 2547 Per
1875 2511 1950 2547 hoc
1981 2519 2109 2548 autem
2138 2513 2243 2560 quod
2272 2513 2404 2551 dicitur
2429 2517 2541 2552 sensi-

1484 2565 1585 2610 bilis,
1616 2563 1866 2604 excluduntur
1901 2557 2151 2612 perfectiones
2185 2577 2313 2603 rerum
2346 2566 2542 2606 insensibi-

1484 2617 1589 2663 lium,
1605 2617 1643 2653 in
1663 2616 1799 2664 quibus
1817 2628 1895 2652 non
1917 2623 1972 2652 est
1991 2616 2235 2654 delectatioa-
2248 2618 2310 2655 Sic
2330 2631 2418 2667 ergo
2437 2628 2543 2680 patet

1485 2670 1601 2718 quod,
1631 2681 1717 2705 cum
1749 2668 1945 2705 delectatio
1974 2669 2019 2705 sit
2046 2677 2173 2706 motus
2201 2670 2246 2717 in⁴
2268 2672 2435 2720 appetitu
2462 2674 2540 2710 ani-

1485 2722 1575 2759 mali
1607 2733 1845 2769 consequens
1883 2721 2227 2780 apprehensionem
2256 2736 2410 2773 sensus,
2441 2726 2541 2763 dele-

1485 2775 1596 2812 ctatio
1625 2781 1681 2810 est
1706 2773 1832 2822 passio
1862 2773 2023 2811 animae.

1536 2829 1595 2864 An
1624 2837 1760 2863 ptumum
1788 2837 1886 2863 ERGO
1914 2838 2097 2863 DICENDUM
2126 2828 2231 2876 quod
2260 2830 2430 2878 operatio
2451 2843 2541 2869 con-

1484 2865 1693 2917 naturalis⁶
1711 2891 1790 2915 non
1809 2879 2002 2927 impedita,
2024 2887 2079 2916 est
2096 2881 2276 2928 perfectio
2301 2883 2479 2931 secunda,
2500 2892 2543 2921 ut

1483 2933 1644 2969 habetur
1670 2931 1710 2968 in
1738 2933 1770 2968 Il
1799 2931 1844 2967 de
1860 2932 2001 2968 Anima
2020 2931 2050 2969 ²¹⁸.
2072 2933 2120 2968 Et
2148 2933 2247 2980 ideo,
2267 2936 2422 2983 quando
2452 2949 2542 2974 con·
2569 2950 2577 2956 ·

1484 2985 1645 3022 stituitur
1672 2996 1732 3020 res
1760 2984 1797 3020 in
1825 2984 1979 3032 propria
2007 2985 2228 3032 operatione
2253 2989 2486 3026 connaturali
2505 2997 2542 3027 et

1483 3050 1561 3074 non
1588 3036 1784 3085 impedita,
1814 3036 1982 3085 sequitur
2014 3038 2223 3085 delectatio,
2248 3052 2346 3087 quae
2375 3042 2543 3079 consistit

2568 2419 2718 2446 ⁸1nPhi1eho,
2727 2426 2779 2447 cal).

1483 3090 1521 3127 in
1549 3090 1758 3138 perfectum
1787 3100 1881 3136 esse,
1901 3097 1943 3125 ut
1961 3089 2104 3126 dictum
2125 3091 2224 3128 est*.
2253 3092 2315 3129 Sic
2334 3105 2424 3141 ergo
2451 3107 2540 3132 cum
2569 3106 2577 3114 ·
2603 3111 2659 3126 nco
2690 3111 2728 3126 oe

1483 3142 1617 3180 dicitur
1644 3142 1749 3190 quod
1768 3141 1964 3178 delectatio
1985 3150 2040 3179 est
2059 3143 2240 3191 operatio,
2261 3157 2340 3182 non
2359 3154 2415 3183 est
2432 3159 2541 3195 prae-

1483 3195 1618 3233 dicatio
1646 3206 1715 3243 per
1743 3194 1957 3242 essentiam,
1987 3195 2053 3232 sed
2081 3208 2150 3244 per
2177 3209 2344 3235 causam.

1535 3251 1594 3284 AD
1622 3259 1812 3284 SECUNDUM
1838 3259 2021 3284 DICENDUM
2046 3249 2178 3296 quod
2170 3261 2207 3286 1n
2228 3250 2381 3287 animali
2401 3251 2540 3300 duplex

1484 3307 1611 3337 motus
1640 3299 1868 3336 considerari
1891 3307 2035 3348 potest:
2063 3314 2162 3338 unus
2191 3304 2401 3340 secundum
2421 3303 2540 3342 inten-

1483 3353 1627 3389 tionem
1655 3352 1753 3399 finis,
1783 3352 1847 3401 qui
1865 3352 2026 3401 pertinet
2045 3355 2092 3391 ad
2112 3355 2341 3403 appetitum3
2371 3356 2464 3393 alius
2482 3369 2539 3394 se-

1537 3476 1562 3507 γ)
1581 3475 1772 3499 connaturalis.
1789 3488 1808 3493 -
1826 3475 1958 3500 naturalis
1977 3476 2027 3505 EF,
2045 3483 2141 3500 causae
2160 3476 2291 3500 naturalis
2313 3477 2398 3502 ceteri.

1537 3509 1561 3541 δ)
1574 3510 1765 3534 connaturalis.
1784 3524 1803 3529 -
1821 3511 2048 3535 contranaturalis
2068 3511 2100 3540 C,
2121 3518 2171 3535 non
2197 3511 2328 3536 naturalis
2347 3512 2385 3543 G,
2406 3513 2538 3537 naturalis

1430 3562 1437 3569 .
1484 3545 1535 3569 EF.
1556 3559 1575 3564 -
1594 3545 1643 3568 Pro
1662 3548 1708 3573 est,
1729 3552 1779 3569 non
1799 3548 1839 3569 est
1856 3545 2056 3577 ACGleBDH.
