2846 4146
110 298 119 306 '
134 296 162 318 D.
177 302 230 324 ¹¹77·

54 1257 66 1263 κ
102 1244 114 1254 '
126 1243 156 1266 D.
169 1242 222 1272 ³⁰⁶-

102 1282 114 1294 ·
126 1281 157 1305 D.
168 1287 221 1311 307.

99 1316 125 1329 ⁸·
143 1315 176 1339 n·
194 1316 253 1344 11⁸⁸,
271 1322 312 1344 qu.

1015 212 1280 258 QUAESTIO
1310 213 1431 260 LXII,
1461 213 1755 250 ARTICULUS
1785 214 1835 250 IV

345 288 494 326 habitus
514 287 623 324 simul
648 287 895 325 infunduntur
914 289 960 335 ²⁸).
986 290 1076 326 Non
1096 290 1197 327 enim
1217 298 1342 339 potest
1364 290 1401 327 in

345 340 487 389 aliquid
515 347 642 376 motus
670 339 898 389 appetitivus
918 339 932 370 β
951 342 1106 379 tendere
1125 343 1187 380 vel
1211 343 1399 391 sperando

345 393 407 430 vel
435 392 622 439 amando,
651 392 721 429 nisi
757 393 862 440 quod
891 400 946 430 est
973 395 1254 443 apprehensum
1287 407 1401 432 sensu

345 452 410 482 aut
435 445 635 482 intellectu.
665 445 740 481 Per
766 445 884 482 fidem
914 453 1041 484 autem
1070 447 1319 496 apprehendit
1346 448 1400 485 in-

343 497 511 535 tellectus
546 509 591 534 ea
627 509 724 546 quae
753 507 878 546 sperat
905 506 942 535 et
969 507 1083 536 amat.
1112 500 1223 537 Unde
1253 508 1402 549 oportet

345 550 472 598 quod,
501 550 634 587 ordine
661 550 925 598 generationis,
945 551 1042 589 fides
1060 554 1264 601 praecedat
1291 564 1399 601 spem

345 609 382 639 et
409 602 613 640 caritatem.
630 623 653 629 -
670 602 849 639 Similiter
876 611 1003 640 autem
1032 617 1078 641 ex
1105 605 1180 642 hoc
1198 605 1317 642 homo
1337 605 1399 642 ali-

345 654 437 703 quid
473 660 602 702 amat,'
624 656 729 703 quod
766 657 1016 704 apprehendit
1048 657 1138 694 illud
1173 665 1216 694 ut
1251 659 1398 694 bonurn

345 719 469 744 suum.
508 708 582 743 Per
618 707 692 744 hoc
730 716 856 745 autern
895 710 1000 758 quod
1033 710 1152 747 homo
1190 711 1238 747 ab
1273 710 1399 758 aliquo

345 766 471 808 sperat
498 771 538 796 se
566 760 713 796 bonum
742 761 924 809 consequi
951 774 1078 810 posse,
1099 770 1246 811 reputat
1273 762 1399 811 ipsum

343 811 382 848 in
397 824 474 861 quo
494 824 603 861 spem
622 813 748 861 habet,
764 813 962 862 quoddam
982 815 1129 852 bonum
1149 827 1272 851 suum.
1289 815 1400 852 Unde

344 875 389 901 ex
417 864 492 902 hoc
520 865 603 914 ipso
631 867 735 914 quod
763 867 883 903 horno
912 874 1038 915 sperat
1066 867 1112 904 de
1146 867 1285 916 aliquo,
1313 879 1399 916 pro-

343 916 442 953 cedit
469 917 519 954 ad
546 918 753 956 amandum
773 918 910 967 ipsum.
931 919 981 955 Et
1003 920 1067 967 sic,
1093 919 1225 956 ordine
1244 931 1399 967 genera-

341 969 465 1017 tionis,
495 971 707 1008 secundum
728 979 844 1018 actus,
865 983 951 1019 spes
975 972 1167 1020 praecedit
1194 972 1399 1010 caritatem.

395 1022 539 1060 Ordine
553 1035 647 1060 vero
662 1023 912 1072 perfectionis,
930 1025 1063 1062 caritas
1077 1025 1268 1074 praecedit
1281 1025 1400 1063 fidem

343 1081 379 1111 et
407 1087 516 1124 spem
549 1081 585 1113 Yz
616 1089 662 1113 eo
692 1077 797 1125 quod
825 1085 902 1114 tam
931 1078 1028 1114 fides
1061 1090 1177 1127 quam
1213 1090 1300 1126 spes
1332 1090 1402 1126 per

342 1127 535 1164 caritatem
551 1128 748 1176 formatur,
769 1136 804 1166 et
817 1128 1090 1178 perfectionem
1108 1130 1253 1167 virtutis
1273 1130 1400 1179 acqui-

341 1179 397 1217 rit.
429 1180 491 1217 Sic
519 1181 621 1218 enim
650 1181 781 1219 caritas
801 1189 857 1219 est
878 1191 999 1220 mater
1017 1183 1190 1220 omnium
1217 1182 1399 1220 virtutum

342 1239 378 1268 et
405 1233 510 1270 radix
529 1233 560 1280 ³¹⁶,
576 1233 803 1281 inquantum
832 1242 888 1271 est
916 1235 1090 1273 omnium
1117 1235 1298 1272 virtutum
1326 1236 1399 1272 for-

341 1296 405 1322 ma
424 1285 456 1332 *,
476 1292 518 1322 ut
544 1285 640 1323 infra
658 1285 700 1308 *³¹⁶
719 1286 874 1323 dicetur.

391 1337 442 1374 Et
468 1350 536 1386 per
560 1338 636 1375 hoc
661 1345 766 1386 patet
793 1340 990 1388 responsio
1020 1339 1068 1376 ad
1095 1339 1276 1387 primum.

390 1453 418 1488 β)
435 1454 605 1487 appetitivus.
616 1467 638 1474 —-
653 1455 788 1487 appetitus
807 1456 918 1480 codices.

389 1490 417 1523 γ)
431 1489 572 1522 praecedit
582 1489 668 1522 fidem
683 1493 710 1515 et
722 1497 803 1522 spem.
812 1490 981 1523 -praecedit
994 1494 1020 1516 et
1031 1491 1116 1523 fidem
1130 1494 1156 1515 et
1168 1497 1240 1522 spem
1254 1491 1301 1519 Ea,
1312 1497 1396 1522 prae·

2432 216 2508 261 405

1507 292 1567 328 AD
1595 302 1796 328 SECUNDUM
1812 303 1995 328 DICENDUM
2015 292 2119 339 quod
2139 293 2369 340 Augustinus
2388 293 2507 342 loqui-

1454 352 1514 380 tur
1541 344 1588 381 de
1617 356 1684 392 spe
1712 355 1787 391 qua
1820 343 1903 392 quis
1932 351 2057 391 sperat
2085 356 2131 380 ex
2167 345 2307 381 meritis
2336 345 2410 382 iam
2444 347 2509 382 ha-

1455 396 1540 433 bitis
1559 407 1600 433 se
1628 395 1678 433 ad
1705 395 1976 433 beatitudinem
2002 403 2296 445 perventurum:
2322 398 2426 445 quod
2456 405 2511 434 est

1454 448 1535 497 spei
1572 448 1777 495 formatae,
1806 460 1905 496 quae
1942 447 2111 497 sequitur
2148 449 2351 486 caritatem.
2381 451 2510 486 Potest

1454 508 1581 538 autem
1610 500 1743 550 aliquis
1771 513 1922 550 sperare
1951 508 2158 548 antequam
2186 501 2324 537 habeat
2342 499 2355 523 δ
2380 501 2510 538 carita-

1452 561 1543 600 tem,
1573 565 1651 590 non
1680 565 1724 590 ex
1754 553 1894 590 meritis
1923 565 2022 601 quae
2050 553 2124 590 iarn
2153 553 2280 600 habet,
2310 553 2377 590 sed
2412 565 2508 602 quae

1453 613 1578 654 sperat
1606 618 1646 642 se
1674 605 1903 642 habiturum.

1506 660 1565 695 An
1580 669 1739 695 TERTmM
1757 669 1940 695 DtCENDUM
1955 658 2072 706 quod,
2089 657 2185 694 sicut
2204 669 2318 706 supra
2331 656 2351 678 *
2366 657 2508 694 dictum

1454 719 1521 757 est,
1538 723 1626 747 cum
1642 710 1689 747 de
1703 710 1941 758 passionibus
1956 717 2139 757 ageretur,
2152 722 2238 759 spes
2254 709 2405 758 respIcit
2419 709 2508 746 duo.

1454 763 1583 800 Unum
1612 762 1768 810 quidem
1793 763 1886 799 sicut
1904 762 2110 811 principale
2139 761 2346 798 obiectum:
2372 761 2512 799 scilicet

1454 815 1602 851 bonum
1621 814 1726 862 quod
1745 822 1925 863 speratur.
1947 815 1996 851 Et
2015 822 2189 863 respectu
2212 815 2335 862 huius,
2357 826 2510 863 semper

1454 879 1566 904 amor
1591 867 1783 915 praecedit
1812 879 1941 915 spem:
1970 879 2166 916 nunquam
2201 866 2301 903 enim
2339 874 2512 915 speratur

1454 919 1609 968 aliquod
1637 920 1783 956 bonum
1821 919 1891 956 nisi
1919 919 2174 957 desideratum
2209 927 2245 956 et
2273 927 2455 956 amatum.
2486 941 2508 946 —

1454 972 1622 1021 Respicit
1644 972 1757 1008 etiam
1787 984 1873 1020 spes
1900 972 2007 1008 illum
2027 984 2049 1008 a
2069 984 2146 1020 quo
2176 984 2216 1008 se
2245 979 2370 1020 sperat
2395 983 2509 1020 posse

1455 1020 1636 1073 consequi
1665 1025 1821 1060 bonum.
1847 1025 1896 1060 Et
1923 1032 2096 1073 respectu
2125 1024 2248 1071 huius,
2278 1024 2400 1072 primo
2430 1024 2511 1072 qui-

1455 1077 1543 1114 dem
1572 1089 1658 1126 spes
1686 1077 1879 1125 praecedit
1897 1089 2088 1122 amorem;
2108 1077 2284 1125 quamvis
2312 1083 2446 1125 postea
2466 1089 2511 1113 ex

1453 1130 1536 1178 ipso
1565 1141 1697 1167 amore
1733 1141 1819 1178 spes
1847 1137 2038 1177 augeatur.
2068 1131 2142 1166 Per
2168 1130 2242 1166 hoc
2276 1130 2377 1166 enim
2406 1129 2511 1178 quod

1453 1182 1586 1231 aliquis
1623 1189 1771 1230 reputat
1803 1194 1873 1230 per
1905 1182 2072 1229 aliquem
2105 1194 2144 1218 se
2178 1193 2291 1229 posse
2330 1181 2510 1230 consequi

1453 1235 1609 1284 aliquod
1636 1235 1793 1281 bonum,
1823 1234 1951 1283 incipit
1970 1247 2096 1271 amare
2125 1234 2268 1282 ipsum:
2299 1241 2336 1270 et
2365 1246 2408 1270 ex
2436 1235 2511 1270 hoc

1453 1287 1535 1335 ipso
1574 1287 1678 1335 quod
1716 1286 1842 1335 ipsum
1878 1294 2004 1334 amat,
2042 1294 2176 1335 postea
2213 1286 2344 1323 fortius
2382 1286 2428 1323 de
2463 1298 2510 1322 eo

1457 1347 1593 1387 sperat.

1448 1456 1518 1481 cedit
1530 1459 1556 1480 et
1570 1462 1642 1487 spem
1655 1455 1770 1487 etfidem
1781 1456 1944 1480 emeth-Pro
1950 1455 2022 1487 fides
2034 1463 2113 1487 quam
2123 1462 2189 1487 spes,
2200 1463 2259 1488 spes
2268 1463 2347 1488 quam
2354 1456 2426 1488 fides
2435 1457 2512 1481 codd.

1502 1489 1527 1522 ὃ)
1546 1490 1650 1515 habeat.
1662 1504 1681 1509 -
1699 1490 1775 1514 homo
1795 1490 1890 1515 habeat
1908 1491 2018 1515 codices.

1012 1568 1343 1601 Commentaria.
1365 1568 1615 1601 Cardinalis
1635 1568 1836 1601 Caietam

370 1666 392 1688 n
414 1655 546 1688 articulo
563 1662 676 1697 quarto
693 1655 836 1686 eiusdem
858 1655 1224 1696 sexagesimaesecundae
1239 1655 1399 1696 quaestio-

344 1668 430 1737 Inis,
450 1706 527 1731 nota
542 1700 631 1741 quod
653 1699 778 1730 habitus
795 1699 949 1731 virtutum
963 1699 1216 1739 theologicarum
1239 1699 1336 1729 simul
1352 1699 1399 1730 in-

340 1743 442 1780 fundi,
458 1750 565 1785 potest
578 1742 710 1783 intelligi
725 1743 895 1784 tripliciter.
913 1743 987 1774 Uno
1000 1744 1110 1780 modo,
1124 1743 1168 1774 sic
1183 1743 1282 1784 quod,
1299 1753 1399 1784 quan-

339 1787 523 1828 documque
539 1786 716 1818 infunditur
732 1797 806 1824 una,
822 1786 1031 1818 infundantur
1049 1794 1126 1818 tunc
1144 1796 1265 1818 ornnes
1282 1787 1323 1818 Et
1338 1787 1399 1818 hoc

340 1838 388 1864 est
409 1831 575 1863 manifeste
597 1830 728 1862 falsum:
745 1831 822 1872 quia
836 1831 979 1872 quotidie
1002 1830 1148 1862 fidelibus
1165 1830 1399 1871 poenitentibus

339 1874 518 1907 infunditur
539 1875 665 1906 habitus
688 1875 833 1911 caritatis,
849 1881 880 1906 et
895 1885 962 1906 non
977 1874 1051 1906 fidei
1074 1885 1179 1916 neque
1195 1875 1272 1915 spei.
1288 1892 1310 1898 —
1325 1875 1398 1906 Alio

339 1919 451 1956 modo,
468 1925 504 1950 ut
519 1919 788 1960 quandocumque
810 1918 987 1950 infunditur
1002 1929 1076 1956 una,
1092 1919 1277 1950 infundatur
1290 1919 1341 1949 vel
1354 1919 1400 1949 in-

341 1962 412 1994 fusa
434 1962 474 1994 sit
489 1963 559 1993 alia.
575 1962 617 1994 Et
631 1963 694 1993 hoc
716 1972 783 1993 non
799 1963 897 1993 salvat
914 1962 1077 1994 veritatem
1091 1963 1225 1994 litterae:
1243 1963 1318 2004 quia
1332 1973 1399 1994 non

341 2006 440 2038 salvat
455 2006 648 2038 simultatem
662 2006 841 2038 infusionis.
860 2007 927 2037 Nec
950 2013 997 2037 est
1018 2015 1145 2037 verum:
1161 2006 1236 2048 quia
1251 2006 1276 2037 si
1297 2007 1399 2046 bapti-

340 2056 430 2082 zetur
451 2050 578 2081 adultus
593 2050 627 2081 in
650 2057 779 2091 peccato
803 2050 1020 2081 fornicationis
1042 2060 1252 2091 perseverans,
1269 2051 1400 2091 suscipit

339 2093 414 2126 fidei
437 2094 568 2136 speique
589 2094 744 2131 habitum,
768 2094 969 2135 suscipiendo
986 2094 1204 2131 characterem,
1221 2101 1252 2126 et
1267 2101 1313 2126 est
1327 2105 1399 2126 vere

339 2137 457 2175 fidelis;
473 2145 504 2169 et
518 2145 625 2169 tamen
647 2149 706 2170 nec
729 2138 876 2179 suscepit,
891 2148 950 2169 nec
964 2138 1095 2178 suscipit
1109 2138 1278 2170 caritatem,
1290 2156 1312 2162 —
1326 2139 1399 2170 Hoc

341 2191 416 2222 ergo
439 2182 539 2214 modo
561 2182 759 2223 intelligitur:
784 2189 940 2224 quantum
964 2189 1010 2214 est
1032 2192 1070 2213 ex
1088 2189 1175 2223 parte
1193 2182 1397 2219 infundentis,

341 2231 372 2256 et
393 2225 515 2257 ratione
530 2225 716 2263 infusionis;
738 2226 883 2267 quamvis
899 2235 935 2256 ex
952 2226 1159 2267 dispositione
1175 2226 1332 2267 receptivi,
1348 2227 1399 2256 vel

339 2269 416 2310 quia
447 2269 583 2310 perdidit
611 2279 711 2300 unam
733 2277 765 2301 et
787 2279 853 2301 non
876 2269 961 2306 alias,
984 2269 1035 2300 vel
1057 2276 1104 2300 est
1130 2270 1335 2311 indispositus
1359 2271 1398 2300 ad

338 2322 438 2345 unam
453 2320 484 2344 et
506 2323 572 2344 non
591 2313 676 2351 alias,
691 2313 879 2355 oppositum
897 2313 1068 2354 contingat.
1088 2314 1130 2344 Et
1144 2313 1195 2344 hic
1218 2323 1328 2344 sensus
1352 2320 1398 2344 est

338 2355 480 2388 formalis
508 2363 540 2388 et
562 2367 667 2390 verus.
686 2357 841 2390 Formalis
871 2357 1011 2398 quidem,
1036 2357 1112 2398 quia
1133 2357 1338 2393 infusionem,
1362 2364 1398 2388 ut

1453 1654 1571 1685 infusio
1601 1661 1663 1691 est,
1687 1654 1814 1686 iudicat.
1838 1655 1939 1686 Verus
1970 1662 2091 1691 autern,
2121 1655 2197 1695 quia
2227 1662 2384 1696 quantum
2407 1663 2454 1687 est
2477 1667 2514 1687 ex

1453 1705 1540 1739 parte
1564 1698 1742 1735 infusionis,
1767 1698 1862 1729 simul
1893 1708 2005 1729 omnes
2028 1698 2250 1730 infunduntur.
2274 1699 2316 1729 Et
2344 1709 2433 1730 casus
2457 1701 2514 1730 ob-

1454 1749 1569 1773 stantes
1598 1752 1635 1773 ex
1658 1749 1744 1783 parte
1772 1742 1935 1782 receptivi‚
1961 1752 2016 1782 per
2039 1742 2182 1773 accidens
2211 1743 2377 1774 eveniunt:
2402 1744 2514 1775 accidit

1454 1786 1539 1817 enim
1562 1786 1651 1827 quod
1678 1786 1730 1817 hic
1757 1786 1814 1827 qui
1836 1786 2021 1826 baptizatur,
2046 1786 2086 1817 sit
2107 1786 2314 1826 indispositus
2342 1787 2382 1817 ad
2406 1788 2513 1818 carita-

1453 1837 1518 1861 tem
1524 1840 1532 1867 ;
1551 1838 1582 1862 et
1597 1830 1738 1861 similiter
1760 1831 1849 1871 quod
1864 1830 1915 1861 hic
1930 1830 2105 1870 baptizatus
2123 1831 2212 1861 cadat
2227 1841 2245 1861 a
2261 1831 2395 1867 caritate,
2415 1842 2514 1872 quam

1454 1874 1552 1906 simul
1575 1884 1649 1905 cum
1672 1873 1734 1904 fide
1754 1881 1785 1905 et
1807 1883 1863 1914 spe
1886 1874 2033 1914 suscepit.

1498 1918 1535 1950 11.
1549 1918 1584 1948 In
1596 1917 1803 1959 responsione
1815 1918 1854 1948 ad
1867 1918 1995 1949 tertium
2011 1917 2152 1948 eiusdem
2169 1918 2301 1955 articuli,
2314 1917 2410 1949 habes
2423 1919 2513 1959 quod

1453 1972 1524 2002 spes
1536 1961 1694 2003 praecedit
1709 1961 1819 1992 ordine
1833 1961 2043 2002 generationis
2058 1961 2226 1998 caritatem,
2244 1969 2279 1993 ut
2293 1969 2380 1993 actus
2395 1962 2511 1993 utrius—

1453 2016 1515 2047 que
1544 2005 1670 2046 respicit
1698 2006 1818 2042 Deum,
1850 2005 1900 2036 cui
1930 2015 2001 2046 spes
2031 2005 2190 2042 innititur,
2223 2012 2254 2036 et
2276 2016 2373 2047 quern
2403 2006 2512 2037 caritas

1452 2057 1554 2081 amat:
1578 2049 1723 2091 quamvis
1746 2050 1965 2090 subsequatur,
1990 2049 2085 2080 etiam
2110 2049 2172 2080 hoc
2196 2050 2316 2086 ordine,
2341 2050 2510 2087 caritatem,

1454 2100 1489 2124 ut
1501 2101 1587 2125 actus
1602 2093 1767 2134 utriusque
1779 2093 1904 2133 respicit
1919 2093 2060 2124 futuram
2078 2093 2317 2131 beatitudinem,
2330 2104 2411 2134 quae
2428 2094 2512 2125 obie-

1453 2138 1534 2169 ctive
1557 2144 1603 2169 est
1630 2138 1718 2168 Deus
1749 2137 1833 2177 ipse;
1857 2147 1955 2178 quarn
1978 2137 2206 2168 beatitudinem
2234 2148 2306 2178 spes
2329 2138 2455 2178 respicit
2477 2145 2514 2169 ut

1453 2182 1576 2212 bonum
1600 2188 1776 2221 speratum,
1801 2187 1832 2212 et
1854 2181 1963 2212 caritas
1986 2188 2022 2212 ut
2044 2187 2196 2212 amatum.
2221 2181 2262 2212 Et
2285 2181 2359 2222 quia
2384 2181 2512 2213 virtutes

1452 2225 1529 2256 istae
1553 2225 1708 2261 ordinant,
1726 2224 1843 2256 scilicet
1858 2235 1934 2255 suos
1950 2231 2047 2261 actus,
2065 2231 2101 2255 ut
2116 2225 2287 2266 respiciunt
2301 2225 2421 2262 Deum;
2438 2225 2511 2256 ideo

1452 2269 1573 2300 dictum
1598 2275 1644 2299 est
1658 2268 1691 2298 in
1713 2278 1846 2309 corpore
1860 2268 1980 2299 articuli
1997 2269 2096 2309 quod,
2113 2268 2229 2299 scilicet
2243 2269 2353 2299 ordine
2370 2269 2509 2309 originis,

1453 2323 1524 2353 spes
1547 2312 1705 2353 praecedit
1729 2312 1896 2343 caritatem.

2538 667 2546 674 ·
2563 665 2610 692 Qu.
2624 671 2661 692 xz,
2672 668 2747 692 art.7.
