2846 4146
157 2261 169 2271 '⁸
184 2260 231 2289 Qu.
241 2267 287 2289 xvi,
299 2264 341 2283 art.
352 2268 369 2283 1.

149 3190 161 3201 ’
171 3189 207 3212 ef.
217 3196 256 3218 qu.
263 3194 358 3217 xv1,art.

148 3222 170 3264 ;;
181 3222 248 3245 qum,
257 3219 298 3239 art.
303 3223 324 3246 3,
331 3218 360 3239 ad

401 203 475 241 358

403 283 523 320 saltem,
548 291 583 315 ut
606 291 706 324 patet:
731 295 815 325 ergo.
831 303 850 308 —
867 285 1049 316 Secundum
1073 292 1118 315 est
1134 285 1222 325 quod
1245 284 1315 319 hoc,
1346 282 1460 313 scilicet

403 326 569 358 rectificare
592 328 699 368 ipsum
716 329 771 366 uti,
796 339 861 359 non
884 329 1029 360 convenit
1046 328 1194 358 omnibus
1211 327 1384 357 moralibus
1399 325 1460 355 vir-

403 371 538 402 tutibus:
564 373 638 412 quia
662 382 718 403 nec
742 372 917 403 fortitudini
948 382 1004 403 nec
1027 371 1263 411 temperantiae,
1289 369 1363 410 quia
1387 375 1460 399 sunt

403 414 483 445 infra
506 416 712 447 voluntatem.
734 417 774 447 Et
796 416 896 446 littera
918 416 986 446 vult
1010 415 1097 456 quod
1121 414 1286 445 conveniat
1309 413 1459 443 omnibus

404 459 587 496 moralibus,
603 460 747 495 dicendo,
760 461 834 500 quia
847 465 893 490 est
909 461 1010 490 iustus
1022 459 1072 490 vel
1084 462 1289 498 temperatus,
1306 462 1336 487 et
1348 456 1457 486 eadem

404 505 487 534 ratio
510 508 557 534 est
578 504 618 534 de
639 504 802 534 similibus.
820 521 840 526 -
863 503 1007 533 Tertium
1037 509 1098 538 est,
1127 501 1201 551 quia
1225 508 1279 531 aut
1303 501 1355 531 dat
1378 506 1459 530 recte

404 547 451 578 uti
474 547 582 577 habitu
607 547 650 577 sic
678 547 765 588 quod
793 557 859 576 non
887 553 990 586 potest
1016 545 1071 575 illo
1096 544 1140 575 uti
1166 551 1196 574 et
1218 554 1284 574 non
1307 550 1404 574 recte:
1429 550 1460 574 et

404 591 465 621 hoc
482 597 527 622 est
546 591 717 626 exclusum,
732 600 772 620 ex
793 600 830 620 eo
847 590 935 630 quod
949 589 1086 629 prudens
1108 588 1154 619 uti
1166 594 1271 628 potest
1282 587 1458 628 prudentia,

404 641 435 665 et
458 633 587 665 deficere
610 635 642 664 in
661 634 765 674 aliqua
789 632 1027 668 circumstantia,
1048 632 1128 662 sicut
1153 630 1376 671 grammaticus
1392 631 1459 661 bar-

403 678 549 708 barizare.
568 681 634 709 Aut
648 678 722 718 quia
738 678 790 707 dat
808 683 889 707 recte
906 676 951 706 uti
968 676 1097 716 quando
1121 676 1205 706 vult:
1226 682 1256 706 et
1278 675 1340 705 hoc
1363 675 1458 706 etiam

403 721 561 752 invenitur
575 722 608 752 in
619 722 744 757 artibus,
758 720 899 750 deductis
915 719 1149 759 impedimentis
1165 729 1369 759 organorum,
1383 725 1458 757 etc.;

405 772 435 796 et
457 765 501 796 sic
523 766 610 796 nulla
633 772 714 795 esset
736 764 906 794 differentia
930 764 1094 803 assignata.

460 809 510 840 111.
530 810 581 839 Ad
599 809 660 838 hoc
683 808 796 838 dicitur
819 807 907 848 quod
930 807 980 838 hic
996 814 1042 838 est
1061 817 1164 837 sermo
1189 808 1227 837 de
1250 806 1389 837 bonitate
1411 816 1458 837 se-

405 853 546 883 cundum
568 852 658 882 illum
681 852 834 887 habitum,
859 858 889 881 et
905 852 942 881 de
960 851 1006 881 uti
1027 851 1082 892 qui
1103 857 1150 881 est
1167 857 1254 890 actus
1274 850 1456 881 voluntatis.

402 897 468 926 Nec
490 896 582 926 refert
610 903 717 926 utrum
741 895 780 925 ad
803 901 910 925 actum
937 895 986 925 vel
1009 894 1169 931 habitum,
1198 902 1306 925 utrum
1334 904 1459 934 semper

402 940 452 970 vel
476 940 603 979 quando
628 939 725 970 utitur
746 938 855 969 habitu
885 938 935 968 vel
958 939 1087 979 quando
1117 938 1202 975 vult,
1230 938 1455 978 interpreteris:

402 983 489 1013 nulla
512 983 596 1013 enim
622 983 735 1013 harum
764 982 991 1013 limitationum
1019 992 1102 1022 opus
1126 990 1181 1013 est.
1210 982 1346 1013 Intendit
1372 982 1458 1012 enim

401 1029 522 1057 Auctor
536 1027 624 1067 quod
640 1026 811 1057 differentia
826 1026 906 1057 inter
919 1026 1054 1062 habitus,
1070 1026 1103 1056 in
1119 1026 1295 1067 proposito,
1310 1026 1387 1056 haec
1402 1032 1457 1062 est,

401 1071 490 1111 quod
512 1071 642 1111 quidam
669 1077 743 1101 sunt
769 1080 908 1112 quorum
930 1069 1077 1111 perficere
1106 1080 1171 1100 non
1195 1080 1227 1100 se
1255 1069 1392 1100 extendit
1419 1070 1458 1100 ad

402 1114 448 1144 uti
470 1114 540 1154 ipso
564 1114 688 1150 habitu,
714 1114 845 1155 quidam
867 1124 942 1145 vero
966 1114 1018 1145 sic.
1040 1114 1134 1145 Verbi
1153 1114 1263 1154 gratia,
1284 1123 1332 1144 ars
1356 1124 1456 1153 gram-

402 1158 533 1188 maticae
557 1165 602 1189 est
631 1158 700 1189 talis
730 1159 818 1199 quod
841 1158 908 1188 eius
936 1157 1083 1198 perficere
1113 1167 1177 1188 non
1203 1168 1235 1188 se
1259 1157 1395 1188 extendit
1418 1157 1457 1187 ad

402 1201 447 1232 uti
470 1202 689 1241 grammatica:
713 1202 788 1243 quia
810 1202 856 1232 uti
880 1209 926 1232 est
948 1209 1035 1232 actus
1057 1201 1238 1238 voluntatis,
1255 1211 1352 1242 quem
1367 1201 1457 1232 nullo

400 1252 493 1286 pacto
516 1245 636 1286 perficit
659 1256 707 1276 ars
729 1245 959 1286 grammaticae.
984 1246 1025 1276 Et
1040 1246 1065 1276 si
1082 1255 1130 1276 ars
1150 1246 1373 1286 grammaticae
1389 1255 1457 1286 per-

401 1289 505 1320 ficeret
523 1290 630 1330 ipsum
646 1290 701 1326 uti,
718 1297 793 1320 tunc
808 1290 926 1320 habens
943 1290 1190 1329 grammaticam,
1208 1300 1244 1320 ex
1260 1289 1331 1330 ipso
1347 1290 1456 1320 habitu

400 1333 600 1364 inclinaretur
623 1341 653 1364 et
676 1334 933 1365 determinaretur
960 1333 1000 1364 ad
1023 1334 1178 1364 utendum
1206 1341 1301 1370 recte,
1333 1333 1456 1365 rectitu-

402 1377 473 1407 dine
496 1377 730 1418 grammaticali,
754 1377 823 1418 ipsa
846 1377 1065 1418 grammatica;
1091 1384 1121 1408 et
1144 1378 1169 1408 si
1193 1388 1258 1409 non
1283 1385 1366 1409 recte
1390 1384 1456 1409 ute-

401 1428 494 1458 retur,
511 1421 719 1462 imputaretur
733 1421 868 1458 defectui
881 1422 1119 1462 grammaticae:
1140 1423 1239 1453 modo
1257 1429 1363 1453 autem
1379 1432 1455 1453 non.

401 1465 520 1496 Iustitia
542 1476 617 1496 vero
641 1465 716 1506 quia
739 1465 937 1496 rectificativa
953 1473 999 1497 est
1016 1465 1116 1507 ipsius
1138 1466 1194 1502 uti,
1219 1466 1291 1497 ideo
1308 1466 1455 1497 voluntas

402 1510 626 1540 determinatur
642 1511 681 1540 ad
698 1517 791 1546 recte,
812 1510 892 1541 idest
906 1510 998 1549 iuste,
1016 1510 1171 1542 ut'endum
1186 1510 1316 1541 iustitia:
1335 1517 1365 1541 et
1383 1520 1455 1551 pro-

401 1560 515 1594 pterea,
533 1554 559 1584 si
573 1554 688 1585 iniuste
712 1554 794 1589 facit,
810 1554 946 1585 iustitiae
969 1554 1109 1586 defectus
1127 1554 1313 1595 imputatur.
1334 1555 1381 1585 Ex
1397 1555 1455 1585 hac

400 1597 495 1638 igitur
529 1597 700 1628 differentia
727 1598 899 1629 innascitur
930 1599 1016 1639 quod
1046 1598 1186 1629 defectus
1216 1598 1249 1629 in
1279 1599 1397 1630 artibus
1425 1606 1456 1629 et

401 1641 528 1672 scientia
544 1652 580 1673 ex
596 1652 656 1672 usu
671 1642 869 1682 proveniens,
886 1652 953 1673 non
970 1642 1145 1684 imputatur
1167 1643 1252 1684 ipsiS,
1272 1644 1326 1673 sed
1342 1643 1455 1673 volun-

401 1685 469 1716 tati:
494 1686 526 1716 in
550 1686 722 1716 moralibus
745 1693 862 1722 autem,
887 1686 1020 1717 defectui
1044 1687 1188 1727 ipsorum
1211 1686 1387 1718 habituum.

455 1730 586 1766 Rursus,
612 1737 646 1760 ut
668 1730 782 1760 melius
805 1730 915 1761 novitii
939 1731 1114 1761 doctrinam
1137 1731 1217 1761 hanc
1240 1731 1403 1767 imbibant,
1426 1737 1456 1762 et

400 1773 531 1814 quilibet
545 1774 618 1804 hinc
633 1774 772 1804 fructum
786 1774 897 1805 referat
912 1774 1080 1814 agnitionis
1099 1775 1147 1805 sui
1162 1775 1271 1814 ipsius,
1287 1785 1326 1805 an
1343 1776 1456 1806 habeat

398 1818 547 1848 virtutem
570 1818 709 1858 aliquam
724 1819 891 1854 moralem;
909 1818 988 1849 scito
1007 1819 1096 1859 quod
1115 1819 1145 1848 in
1163 1819 1283 1849 actibus
1300 1820 1454 1859 potentia-

399 1871 471 1892 rum
494 1861 728 1893 rationabilium
752 1860 810 1904 (de
837 1861 885 1892 his
910 1862 994 1892 enim
1018 1869 1064 1893 est
1086 1861 1204 1904 sermo)
1229 1869 1259 1893 et
1276 1863 1452 1899 habituum,

399 1913 444 1935 est
467 1905 662 1936 considerare
686 1905 760 1937 duo.
787 1906 897 1936 Unum
921 1913 966 1936 est
989 1906 1155 1946 proportio
1179 1906 1277 1946 ipsius
1305 1914 1391 1938 actus
1415 1908 1455 1938 ad

397 1949 499 1989 ipsam
518 1949 692 1989 potentiam
709 1959 764 1980 seu
786 1949 942 1980 habitum:
963 1957 1039 1990 puta
1058 1949 1227 1981 locutionis
1244 1950 1284 1981 ad
1304 1951 1454 1991 imagina-

396 1993 502 2029 tivam,
520 1993 760 2034 appetitumque
776 1993 933 2024 motivum
950 1994 1059 2034 organi
1076 2001 1143 2031 etc.‚
1161 2001 1192 2025 et
1206 1995 1453 2034 grammaticam.

396 2037 541 2068 Alterum
560 2044 606 2068 est
628 2048 714 2074 usuS,
733 2047 798 2078 quo
815 2038 891 2068 haec
907 2038 1060 2078 principia
1076 2049 1094 2069 a
1109 2039 1271 2070 voluntate
1289 2039 1386 2070 libere
1400 2050 1454 2080 ap-

396 2081 513 2121 plicata
524 2088 598 2112 sunt
616 2082 759 2114 adhunc
777 2088 884 2113 actum
900 2082 1100 2114 eliciendum.
1123 2083 1297 2124 Nunquam
1317 2093 1455 2124 namque

396 2125 555 2165 potentiae
571 2126 703 2162 animae,
718 2133 772 2156 aut
786 2126 920 2162 habitus,
934 2135 1088 2166 ponerent
1101 2127 1299 2167 operationes
1312 2128 1454 2168 proprias

395 2169 435 2199 in·
451 2177 540 2206 actu,
565 2170 624 2200 nisi
647 2171 794 2201 voluntas
821 2170 991 2211 applicaret
1014 2181 1064 2202 eas
1089 2178 1119 2202 et
1142 2181 1197 2201 eos
1225 2172 1264 2202 ad
1288 2172 1454 2203 eliciendas

396 2214 608 2253 operationes:
638 2214 706 2254 ipsa
730 2214 814 2244 enim
843 2221 888 2245 est
917 2225 998 2255 quae
1027 2214 1125 2246 utitur
1152 2214 1316 2252 omnibus,
1341 2223 1371 2247 et
1393 2216 1455 2248 hoc

397 2264 443 2288 est
466 2258 522 2294 uti,
547 2265 583 2288 ut
607 2265 692 2298 patet
707 2268 744 2288 ex
759 2258 902 2298 superius
927 2258 1016 2289 dictis
1039 2259 1072 2289 in
1096 2258 1280 2299 quaestione
1297 2260 1335 2290 de
1354 2260 1407 2291 Uti
1426 2260 1452 2291 *.

395 2302 570 2341 Dupliciter
592 2312 666 2341 ergo
691 2309 891 2342 comparatur
905 2303 1046 2342 operatio
1071 2303 1108 2332 ad
1124 2303 1312 2343 potentiam:
1338 2304 1453 2344 primo,

396 2346 572 2376 secundum
595 2356 627 2376 se
651 2347 810 2382 absolute,
835 2352 932 2386 prout
953 2346 1021 2386 ipsa
1044 2346 1185 2386 potentia
1214 2353 1260 2377 est
1286 2354 1358 2387 apta
1382 2355 1454 2378 nata

395 2389 504 2420 elicere
526 2390 621 2420 talem
644 2397 768 2426 actum;
793 2391 946 2427 secundo,
971 2391 1010 2420 ad
1033 2391 1202 2430 ipsammet
1220 2391 1394 2431 potentiam
1418 2399 1454 2423 ut

395 2441 454 2464 stat
478 2435 535 2464 sub
558 2435 719 2465 voluntate
744 2441 860 2470 utente,
885 2444 939 2464 seu
964 2435 1140 2474 applicante
1155 2434 1258 2475 ipsam
1277 2435 1452 2475 potentiam

394 2478 433 2507 ad
457 2478 641 2508 eliciendam
660 2478 878 2518 operationem
901 2478 933 2508 in
957 2485 1027 2509 actu
1053 2479 1203 2509 secundo.
1235 2479 1275 2509 Et
1299 2479 1342 2510 sic
1366 2479 1451 2510 diffe-

393 2521 491 2552 rentia
513 2521 545 2551 in
573 2522 738 2562 proposito
766 2521 934 2553 habituum
957 2528 1018 2558 est,
1049 2522 1138 2563 quod
1165 2522 1297 2563 quidam
1325 2523 1451 2554 habitus

392 2572 467 2596 sunt
481 2565 640 2606 perfectivi
653 2565 867 2606 potentiarum
881 2566 1024 2597 absolute
1039 2565 1072 2596 in
1089 2565 1198 2596 ordine
1215 2567 1255 2596 ad
1270 2576 1327 2597 sua
1339 2576 1448 2607 opera;

393 2616 423 2640 et
445 2609 507 2640 hoc
533 2617 664 2641 vocatur
689 2610 731 2640 in'
750 2610 851 2641 littera
877 2610 965 2651 quod
993 2611 1068 2641 dant
1084 2610 1281 2652 facultatem
1301 2609 1452 2651 faciendi

391 2662 471 2693 opus
492 2654 628 2691 bonum;
650 2654 704 2684 sed
725 2664 790 2684 non
810 2653 976 2695 perficiunt
997 2654 1123 2685 easdem
1139 2654 1296 2695 potentias
1317 2661 1353 2685 ut
1368 2661 1451 2686 stant

391 2698 450 2727 sub
473 2698 635 2729 voluntate
654 2705 770 2729 utente.
791 2698 832 2728 Et
853 2698 930 2729 istae
953 2705 1027 2729 sunt
1050 2705 1129 2729 artes
1145 2705 1175 2728 et
1190 2697 1346 2735 scientiae,
1371 2708 1449 2740 qua-

390 2751 463 2771 rum
486 2752 552 2772 non
575 2742 704 2773 interest
726 2741 872 2782 perficere
895 2752 1001 2778 usum,
1025 2751 1129 2783 neque
1148 2742 1181 2772 in
1203 2742 1367 2773 voluntate
1389 2742 1448 2773 im-

390 2792 534 2825 perante,
559 2796 662 2827 neque
686 2786 719 2816 in
741 2786 890 2826 potentiis
914 2785 1140 2827 exequentibus
1163 2792 1200 2817 ut
1222 2786 1276 2817 sic.
1307 2786 1447 2823 Quidam

389 2839 464 2860 vero
488 2830 612 2861 habitus
636 2829 802 2870 perficiunt
823 2830 980 2870 potentias
998 2840 1065 2861 non
1088 2830 1194 2860 solum
1218 2829 1377 2866 absolute,
1392 2831 1447 2861 sed

390 2874 484 2904 etiam
499 2881 535 2904 ut
554 2874 689 2910 usuales,
709 2874 773 2905 sive
787 2874 978 2915 imperative·
993 2874 1057 2905 sive
1080 2873 1248 2905 executive.
1270 2873 1312 2904 Et
1325 2874 1358 2904 hi
1375 2881 1448 2905 sunt

388 2917 517 2948 virtutes
540 2918 685 2948 morales.
703 2918 745 2949 Et
761 2918 908 2949 dicuntur
925 2918 959 2949 in
972 2918 1073 2949 littera
1097 2919 1169 2948 dare
1186 2928 1251 2948 non
1274 2917 1379 2948 solum
1399 2917 1446 2948 fa-

389 2962 536 2992 cultatem
562 2962 639 2992 boni
667 2962 786 3002 operis,
811 2963 866 2993 sed
890 2967 1010 2993 rectum
1035 2971 1127 2993 usum
1147 2961 1344 3004 facultatis:
1371 2962 1447 3003 quia

389 3005 555 3045 perficiunt
574 3006 681 3046 quoad
704 3012 886 3047 utrumque.
913 3006 1070 3037 Dicuntur
1093 3006 1188 3038 etiam
1211 3005 1346 3037 reddere
1367 3015 1447 3046 opus

389 3049 503 3080 bonum
529 3051 561 3079 in
585 3055 676 3080 actu:
698 3050 773 3091 quia
797 3050 964 3090 perficiunt
987 3060 1092 3087 usum,
1117 3050 1172 3092 qui
1195 3056 1242 3081 est
1263 3049 1446 3081 immediata

388 3093 467 3124 ratio
487 3094 576 3134 quod
591 3093 653 3124 sint
667 3094 700 3123 in
717 3101 799 3124 actu.

444 3137 495 3168 lv.
519 3138 570 3167 Ad
594 3137 783 3168 evidentiam
806 3144 912 3168 autem
936 3138 1135 3169 solutionum
1155 3138 1330 3169 dandarum
1349 3147 1445 3179 quae-

387 3181 462 3217 sitis,
480 3187 607 3221 oportet
622 3181 758 3212 recolere
774 3182 918 3222 superius
929 3181 947 3201 *
961 3182 1175 3213 determinata.
1190 3181 1224 3212 In
1237 3181 1357 3222 primis,
1371 3191 1445 3212 cum

386 3225 500 3256 dicitur
522 3225 611 3266 quod
634 3225 759 3256 habitus
784 3225 836 3256 dat
856 3225 1047 3262 facultatem,
1072 3233 1103 3257 et
1122 3226 1175 3257 dat
1190 3232 1312 3256 rectum
1335 3234 1442 3262 usum,

386 3279 452 3299 non
471 3276 518 3300 est
535 3269 775 3309 intelligendum
791 3269 850 3300 nisi
867 3280 905 3300 eo
926 3270 1025 3300 modo
1049 3279 1115 3311 quo
1138 3269 1262 3301 habitus
1284 3276 1331 3301 est
1353 3275 1444 3300 natus

386 3313 468 3344 dare.
491 3314 566 3344 Non
590 3313 675 3344 enim
697 3313 822 3344 habitus
846 3313 899 3344 dat
921 3314 1096 3344 bonitatem
1117 3314 1259 3355 cogendo
1279 3314 1318 3344 ad
1338 3313 1442 3349 illam;

385 3364 439 3388 aut
455 3357 497 3388 ita
512 3358 604 3398 plene
628 3357 722 3389 etiam
745 3357 950 3388 immobiliter
970 3357 1164 3388 subiiciendo
1184 3357 1242 3389 sibi
1257 3356 1442 3398 potentiam,

1086 206 1351 253 QUAESTIO
1381 206 1480 251 LVI,

1510 203 1803 241 ARTICULUS
1833 204 1882 239 111

1514 281 1603 321 quod
1618 291 1684 311 non
1699 280 1799 321 possit
1813 280 1846 310 in
1862 281 2062 320 oppositum:
2087 283 2142 313 sed
2157 292 2212 323 per
2227 283 2363 313 modum
2381 282 2569 314 inclinantis.

1513 324 1605 355 Unde
1629 323 1800 354 differentia
1824 324 1966 356 consistit
1987 325 2019 355 in
2042 325 2113 362 hoc,
2139 327 2227 367 quod
2251 336 2299 356 ars
2323 337 2359 357 ex
2375 337 2432 357 sua
2450 326 2570 357 ratione

1513 377 1578 397 non
1602 367 1730 398 inclinat
1748 367 1956 404 voluntatem,
1973 375 2027 399 aut
2045 369 2184 410 aliquam
2201 369 2376 410 potentiam
2400 377 2435 400 ut
2450 371 2571 401 substat

1512 411 1677 447 voluntati,
1698 411 1738 441 ad
1761 421 1856 441 usum
1879 413 2117 450 grammaticae:
2142 413 2217 454 quia
2237 423 2293 444 nec
2314 413 2438 453 respicit
2456 414 2570 444 volun-

1512 461 1609 485 tatem
1625 461 1679 485 aut
1693 454 1848 494 potentias
1869 454 1922 486 sic.
1947 456 2075 487 Moralis
2090 463 2197 487 autem
2215 457 2312 487 virtus
2329 467 2365 487 ex
2380 457 2507 498 propria
2522 468 2569 488 ra-

1512 498 1598 529 tione
1628 498 1756 528 inclinat
1779 498 1975 529 voluntatem
1998 500 2039 530 ad
2061 507 2182 531 rectum
2209 501 2258 531 sui
2288 509 2398 531 usum:
2423 502 2569 541 quamvis

1511 542 1658 572 voluntas
1682 551 1748 572 non
1764 548 1914 582 sequatur
1929 543 2121 584 quandoque
2140 545 2325 575 huiusmodi
2347 544 2568 582 inclinationes

1511 585 1689 616 habituum.
1706 586 1747 616 Et
1769 592 1844 616 tunc
1867 593 1983 626 peccat,
1999 593 2030 618 et
2043 587 2141 618 virtus
2165 588 2293 619 moralis
2317 588 2475 628 culpatur:
2492 588 2568 628 quia

1512 630 1550 659 ab
1575 639 1670 669 opere
1693 629 1837 669 proprio,
1862 629 1978 661 scilicet
1995 630 2186 670 perfectione
2211 632 2314 663 debita
2337 631 2419 663 actui
2443 632 2566 668 utendi,

1512 672 1627 709 deficit3
1652 673 1758 703 minus
1781 673 1867 703 enim
1889 673 2024 713 perfecte
2042 674 2175 706 habetur
2196 676 2304 713 virtus,
2321 686 2340 707 a
2363 685 2426 716 qua
2445 676 2565 706 subdu-

1512 717 1592 747 citur
1614 723 1702 747 actus
1725 716 1780 757 qui
1804 717 1896 747 debet
1918 717 1962 747 illi
1984 718 2136 749 submitti.

1566 761 1608 791 Et
1629 770 1667 791 ex
1688 761 1751 791 hoc
1782 767 1868 800 patet
1891 761 1979 801 quod
2006 769 2132 801 oportet
2150 773 2226 793 -non
2253 763 2406 799 limitare,
2438 763 2566 804 quando

1512 805 1624 842 utitur,
1641 811 1696 835 aut
1710 805 1787 842 vult,
1804 811 1859 835 aut
1878 814 1941 835 non
1956 814 2091 845 semper,
2109 812 2167 836 etc.
2180 806 2198 826 *
2211 809 2271 837 Ars
2283 807 2368 838 enim
2384 816 2564 848 nunquam;

1511 848 1639 879 moralis
1661 848 1760 879 virtus
1783 858 1907 888 semper
1930 858 1967 879 ex
1989 858 2036 885 se,
2060 858 2116 889 per
2137 851 2272 880 modum
2293 850 2489 887 inclinantis,
2513 851 2567 882 dat

1510 900 1632 923 rectum
1660 902 1756 923 usum
1781 892 1840 923 sui.
1868 892 1952 930 Quia
1978 902 2108 934 quoque
2138 893 2170 923 in
2198 893 2283 924 idem
2308 895 2388 925 redit
2411 894 2566 935 applicare

1511 936 1655 966 habitum
1678 936 1778 973 actui,
1803 944 1832 967 et
1856 943 1962 967 actum
1985 946 2165 977 supponere
2194 937 2333 977 habitui3
2356 945 2387 970 et
2409 938 2564 976 similiter,

1510 989 1577 1010 non
1597 980 1642 1010 uti
1666 979 1785 1016 habitu,
1802 987 1857 1011 aut
1876 980 2050 1011 subducere
2069 987 2175 1011 actum
2194 981 2233 1011 ab
2249 981 2371 1013 habitu:
2388 992 2455 1013 non
2473 982 2566 1014 refert

1511 1030 1619 1054 utrum
1643 1024 1683 1054 ad
1704 1023 1849 1054 habitum
1871 1024 1921 1054 vel
1943 1031 2050 1055 actum
2073 1025 2119 1055 uti
2141 1024 2265 1062 referas,
2281 1033 2339 1057 etc.

1566 1067 1603 1098 V.
1627 1067 1679 1098 Ad
1701 1067 1838 1107 primam
1865 1068 2076 1098 obiectionem
2099 1068 2132 1098 in
2161 1069 2348 1110 oppositum
2371 1077 2480 1101 contra
2502 1070 2564 1101 hoc

1511 1111 1600 1151 quod
1622 1111 1805 1151 intelligitur
1828 1111 1866 1142 de
1890 1111 1936 1142 uti
1958 1111 2014 1142 illo
2037 1111 2146 1143 habitu
2169 1112 2203 1149 *,
2227 1112 2341 1144 dicitur
2363 1114 2470 1154 quod,
2492 1114 2566 1145 licet
2591 1121 2600 1130 ·
2616 1119 2652 1142 Cs-
2666 1118 2723 1142 ibid·

1510 1164 1621 1185 verum
1645 1155 1684 1186 sit
1698 1156 1786 1196 quod
1809 1155 1951 1196 operatio
1967 1166 2065 1197 quam
2079 1155 2199 1197 perficit
2221 1156 2326 1198 aliqua
2348 1157 2446 1188 virtus
2461 1168 2564 1188 mora-

1509 1198 1564 1235 lis,
1593 1205 1671 1239 puta
1694 1199 1963 1239 concupiscentia,
1988 1199 2108 1231 differat
2135 1200 2237 1241 specie
2265 1201 2303 1231 ab
2327 1201 2390 1238 uti;
2415 1201 2565 1242 concupi-

1510 1252 1594 1273 scere
1618 1250 1724 1274 tamen
1750 1243 1845 1274 libere
1869 1244 2056 1281 exercitum,
2081 1250 2118 1275 ut
2139 1244 2200 1281 sic,
2224 1244 2373 1276 coincidit
2402 1255 2477 1276 cum
2499 1245 2562 1283 uti,

1508 1286 1610 1318 immo
1635 1293 1681 1318 est
1711 1287 1818 1328 ipsum
1842 1288 1888 1319 uti
1910 1287 1943 1318 in
1972 1285 2131 1319 executiva
2154 1288 2303 1329 potentia.
2328 1289 2420 1320 Unde
2451 1299 2566 1330 magna

1509 1331 1728 1372 aequivocatio
1752 1338 1808 1368 est,
1825 1339 1879 1363 aut
1900 1331 2000 1372 figura
2024 1332 2179 1369 dictionis,
2205 1342 2388 1374 comparare
2416 1334 2567 1374 concupi-

1509 1375 1659 1406 scentiam
1674 1375 1707 1406 in
1731 1382 1802 1407 actu
1822 1376 1860 1406 ad
1883 1376 2170 1418 concupiscentiam
2192 1376 2226 1407 in
2241 1377 2399 1417 potentia;
2424 1384 2455 1408 et
2477 1388 2564 1409 com-

1508 1429 1616 1459 parare
1640 1419 1927 1460 concupiscentiam
1950 1420 2046 1451 libere
2069 1420 2235 1457 exercitam
2257 1427 2293 1451 ut
2315 1420 2369 1458 sic,
2385 1421 2426 1452 ad
2449 1431 2564 1453 concu-

1508 1463 1693 1504 piscentiam
1716 1471 1752 1495 ut
1774 1471 1820 1495 est
1834 1464 1868 1494 in
1890 1463 2036 1496 facultate
2053 1464 2314 1505 concupiscibilis.
2330 1467 2565 1506 Argumentum

1508 1508 1594 1538 enim
1616 1508 1720 1548 primo
1743 1509 1844 1539 modo
1867 1508 2025 1548 procedit;
2051 1515 2081 1539 et
2103 1511 2224 1539 Auctor
2251 1509 2395 1550 loquitur
2423 1511 2564 1541 secundo

1508 1552 1618 1583 modo.
1636 1552 1728 1583 Unde
1750 1553 1883 1583 verbum
1897 1553 2044 1583 Auctoris
2066 1552 2146 1583 nihil
2161 1553 2265 1583 obstat
2283 1553 2464 1593 proposito:
2489 1553 2566 1595 quia

1507 1603 1600 1627 vocat
1623 1596 1841 1636 operationem
1859 1596 1892 1626 in
1916 1603 1997 1633 actu,
2013 1606 2079 1626 non
2092 1596 2196 1636 ipsam
2215 1596 2368 1633 absolute,
2385 1597 2440 1628 sed
2461 1597 2567 1638 ipsam

1509 1645 1544 1670 ut
1559 1641 1592 1670 in
1611 1645 1697 1678 actu,
1713 1640 1793 1671 idest
1815 1640 1992 1670 secundum
2010 1640 2042 1670 id
2064 1640 2149 1670 unde
2166 1639 2261 1671 habet
2275 1640 2365 1681 quod
2379 1641 2419 1672 sit
2433 1640 2466 1671 in
2482 1648 2571 1683 actu,

1508 1684 1588 1714 idest
1603 1684 1779 1714 secundum
1795 1693 1905 1720 usum;
1927 1694 1964 1714 ex
1982 1683 2044 1714 hoc
2060 1684 2146 1714 enim
2161 1683 2255 1715 habet
2273 1684 2362 1725 quod
2378 1684 2418 1716 sit
2432 1684 2465 1716 iu
2481 1691 2567 1716 actu.

1508 1728 1549 1758 Et
1571 1734 1753 1767 propterea,
1779 1728 1854 1768 quia
1886 1727 2003 1759 scilicet
2025 1737 2062 1758 ex
2085 1737 2145 1758 usu
2169 1735 2216 1759 est
2245 1728 2388 1769 operatio
2419 1728 2453 1759 in
2476 1735 2563 1766 actu,

1508 1778 1670 1812 comparat
1691 1772 1863 1802 secundam
1885 1772 2111 1812 perfectionem
2133 1771 2258 1803 habitus
2286 1772 2460 1813 potentiae,
2485 1772 2569 1804 sieut

1508 1822 1614 1847 actum
1630 1816 1799 1856 potentiae.
1816 1817 1857 1847 Et
1878 1826 1951 1846 vere
1966 1817 2010 1847 sic
2033 1823 2094 1847 est:
2115 1816 2241 1847 habitus
2261 1816 2346 1847 enim
2361 1817 2439 1848 dans
2462 1817 2570 1848 solam.

1508 1859 1689 1891 facultatem
1712 1861 1791 1891 bene
1806 1860 1968 1901 operandi,
1984 1861 2038 1891 dat
2059 1860 2234 1892 bonitatem
2247 1860 2442 1901 operationis
2457 1861 2492 1893 in
2506 1871 2569 1902 μου,

1507 1904 1619 1940 tentia;
1641 1904 1768 1936 habitus
1791 1911 1899 1936 autem
1922 1905 1999 1935 dans
2022 1904 2118 1936 etiam
2140 1911 2380 1937 rectumvusum
2403 1905 2487 1942 eius,
2512 1906 2574 1940 dat,

1507 1948 1682 1979 bonitatem
1705 1948 1897 1988 operationis
1927 1948 1959 1979 in
1983 1955 2073 1986 actu;
2098 1949 2172 1990 quia
2202 1959 2280 1980 usus
2303 1949 2466 1981 constituit
2489 1959 2565 1991 ope-

1507 1992 1661 2023 rationem
1682 1992 1715 2022 in
1738 1999 1819 2029 actu,
1845 1993 1921 2034 quia
1940 1999 1985 2023 est
2008 1992 2174 2033 applicatio
2191 1992 2351 2035 potentiae
2366 1993 2437 2026 ad*
2429 2000 2542 2037 ipsam.

1563 2037 1613 2067 Ad
1629 2037 1806 2068 secundum
1822 2037 1935 2068 dicitur
1954 2036 2129 2077 dupliciter.
2148 2036 2266 2074 Primo,
2284 2036 2373 2078 quod
2388 2036 2517 2068 virtutes
2530 2036 2569 2068 ἔα

1507 2080 1652 2112 irascibili
1667 2087 1699 2111 et
1713 2081 1961 2131 concupiscibili,
1985 2081 2101 2112 scilicet
2123 2081 2330 2121 temperantia
2351 2087 2383 2112 et
2398 2080 2567 2118 foreman,
2716 2112 2718 2125 ι
2738 2111 2758 2119 ,,

1508 2124 1677 2157 rectificant
1700 2125 1760 2162 uti,
1782 2125 1856 2166 quia
1879 2125 2040 2157 stabiliunt
2065 2124 2144 2156 fines
2167 2125 2352 2165 prudentiae
2373 2125 2570 2165 regulativaez
2628 2121 2635 2142 f
2654 2122 2702 2169 'ij

1507 2169 1607 2210 ipsius
1623 2169 1669 2199 uti
1693 2179 1730 2199 ex
1743 2169 1806 2200 illis
1821 2168 1937 2200 finibus
1961 2175 1996 2200 ut
2015 2169 2196 2211 principiis.
2207 2169 2248 2200 Et
2271 2169 2330 2200 sic
2337 2169 2509 2201 extendunt
2524 2179 2571 2203 se
2646 2174 2649 2176 '
2668 2175 2670 2177 ’
2689 2166 2706 2178 ’“’“
2734 2173 2736 2177 “

1507 2212 1547 2243 ad
1570 2213 1768 2244 voluntatem
1791 2213 1935 2244 mediate.
1959 2231 1980 2236 —
2003 2213 2160 2250 Secundo,
2185 2210 2273 2254 quod
2295 2212 2482 2244 huiusmodi
2504 2211 2563 2251 vir-

1507 2262 1589 2288 tutes
1605 2256 1775 2288 rectificant
1789 2257 1845 2293 uti,
1866 2267 1924 2298 pro
1940 2263 2060 2298 quanto
2075 2263 2145 2297 eget
2156 2257 2387 2288 rectificatione.
2407 2257 2482 2288 Non
2495 2253 2566 2297 eget‘

1507 2308 1614 2332 autem
1637 2300 1858 2331 rectificatione
1882 2301 1928 2332 uti
1951 2301 1999 2331 his
2022 2301 2198 2338 virtutibus,
2215 2308 2251 2332 ut
2274 2307 2319 2332 est
2334 2301 2367 2331 in
2383 2301 2561 2332 voluntate:

1507 2345 1562 2375 sed
1577 2351 1613 2375 ut
1635 2346 1681 2375 e'st
1696 2345 1729 2374 in
1751 2344 1827 2384 ipsis
1847 2344 1995 2385 potentiis
2013 2343 2224 2376 inferioribus.
2249 2345 2290 2376 Et
2304 2345 2377 2375 ideo
2393 2344 2563 2376 rectificant

1506 2389 1693 2419 irascibilem
1717 2395 1746 2419 et
1770 2388 2048 2429 concupiscibilem
2071 2395 2106 2419 ut
2126 2389 2260 2419 subsunt
2282 2388 2356 2419 usui
2378 2388 2560 2419 voluntatis.

1505 2434 1578 2473 Ipsa
1595 2439 1704 2465 autem
1724 2433 1872 2464 voluntas
1895 2442 1961 2463 non
1985 2440 2054 2472 eget
2069 2431 2269 2464 rectificativo
2286 2433 2326 2462 ad
2341 2432 2416 2463 hoc:
2433 2432 2509 2473 quia
2525 2442 2562 2463 ex

1505 2487 1538 2508 se
1562 2477 1765 2507 determinata
1789 2484 1835 2507 est
1858 2477 1896 2507 ad
1920 2476 2139 2507 rectitudinem
2162 2477 2267 2507 omnis
2294 2476 2343 2507 sui
2366 2483 2453 2507 actus
2481 2476 2562 2507 circa

1504 2521 1628 2552 bonum
1650 2519 1843 2550 fortitudinis
1867 2527 1898 2551 et
1919 2519 2158 2561 temperantiae,
2179 2527 2216 2551 ut
2236 2518 2368 2551 inferius
2389 2517 2407 2540 *
2430 2518 2566 2553 dicetur?

1558 2564 1610 2595 Ad
1628 2563 1756 2595 tertium
1774 2570 1881 2595 autem
1900 2564 1963 2594 iam
1978 2562 1996 2583 *
2008 2563 2128 2594 dictum
2151 2570 2198 2596 est
2220 2564 2310 2605 quod
2328 2563 2390 2600 dat,
2413 2573 2470 2605 per
2492 2572 2563 2595 mo-

1503 2608 1582 2639 dum
1604 2606 1800 2644 inclinantis,
1853 2608 1917 2639 uod
1941 2617 2066 2649 semper
2088 2613 2170 2638 recte
2197 2613 2320 2644 utatur;
2343 2614 2373 2638 et
2395 2616 2462 2638 non
2486 2613 2560 2639 cum

1501 2653 1560 2683 hac
1583 2652 1633 2682 vel
1656 2651 1710 2682 illa
1728 2649 1924 2682 limitatione.
1942 2651 2041 2689 Quod
2064 2661 2130 2683 non
2154 2651 2229 2682 facit
2242 2661 2300 2683 ars.
2321 2650 2407 2682 Cum
2428 2651 2493 2683 hoc
2514 2657 2563 2682 ta-

1502 2706 1575 2727 men
1599 2701 1669 2732 stat,
1686 2702 1722 2726 ut
1736 2695 1857 2727 dictum
1880 2695 1963 2731 est*‚
1980 2695 2068 2737 quod
2092 2704 2158 2726 non
2174 2701 2280 2728 utatur
2302 2694 2369 2732 illo,
2386 2695 2475 2736 quod
2491 2701 2600 2737 agat·
2613 2703 2672 2727 thu.

1502 2746 1620 2777 contra,
1638 2746 1669 2770 et
1691 2746 1812 2780 praeter
1833 2739 1926 2770 illum
1948 2746 2029 2779 agat,
2045 2745 2103 2770 etc.

1558 2783 1664 2815 vl.1n
1681 2783 1795 2814 eodem
1811 2783 1942 2814 articulo
1957 2783 2082 2814 adverte
2098 2783 2276 2815 subiectum
2291 2782 2365 2814 fidei
2381 2790 2411 2814 et
2426 2783 2560 2824 pruden-

1501 2828 1571 2864 tiae,
1585 2835 1620 2859 ut
1634 2828 1667 2858 in
1684 2828 1761 2858 locis
1776 2827 1912 2868 propriis
1935 2827 2142 2859 fundamenta
2153 2827 2204 2859 hic
2226 2827 2351 2864 habeas,
2369 2826 2423 2858 ubi
2449 2833 2560 2862 tractu-

1500 2872 1585 2903 bitur
1596 2870 1751 2913 quidquid
1767 2870 1840 2902 hinc
1857 2870 2046 2906 difficultatis
2062 2870 2231 2903 occurrerit
2245 2870 2274 2902 ⁴⁹.
2292 2870 2333 2902 Et
2351 2871 2376 2901 si
2392 2867 2439 2901 vis
2454 2868 2560 2903 videre
2586 2877 2794 2936 'OE'gu'gm
2754 2881 2797 2901 m

1500 2916 1667 2957 quomodo
1690 2915 1866 2946 intellectus
1889 2915 1921 2946 in
1945 2915 2055 2946 ordine
2079 2915 2118 2946 ad
2139 2910 2354 2951 voluntatem,
2384 2915 2424 2946 sit
2446 2913 2567 2948 tultum
2585 2914 2616 2936 ⁴¹
2608 2942 2633 2954 .,
2647 2939 2690 2962 Π..
2730 2946 2754 2962 u
2763 2926 2795 2968 n'

1500 2960 1668 2991 habituum
1701 2959 1899 2996 subiectum,
1924 2959 2071 3000 conspice
2100 2966 2247 2992 naturam
2275 2965 2406 2990 actuum
2428 2956 2560 3003 propter
2587 2946 2795 3003 maeomgnina}

1500 3014 1582 3045 quos
1613 3010 1787 3044 ponuntur.
1812 3003 1896 3041 Quia
1924 3003 2010 3034 enim
2033 3003 2157 3035 credere
2189 3010 2236 3034 est
2263 3010 2351 3034 actus
2383 3000 2558 3035 intellectus
2585 3011 2625 3034 au·
2639 3011 2711 3034 nvn
2725 3008 2768 3028 m·
2779 3011 2797 3028 ¹·

1500 3058 1566 3078 non
1589 3047 1741 3085 absolute,
1757 3047 1812 3078 sed
1836 3057 1853 3078 a
1867 3047 2031 3078 voluntate
2049 3047 2139 3084 moti,
2176 3046 2231 3080 uia
2247 3048 2357 3079 nullus
2376 3046 2478 3079 credit
2495 3046 2559 3078 nisi

1500 3092 1619 3128 volens;
1651 3101 1848 3133 consequens
1876 3097 1923 3122 est
1952 3098 1989 3122 ut
2007 3090 2135 3122 habitus
2183 3090 2232 3122 dei
2259 3090 2414 3123 inclinans
2438 3087 2559 3123 intelle-

1499 3142 1586 3167 ctum
1605 3136 1645 3166 ad
1664 3135 1866 3172 credendum,
1883 3134 2044 3186 perfectio
2054 3135 2094 3166 sit
2117 3135 2183 3166 eius
2203 3142 2240 3167 ut
2263 3145 2280 3165 a
2300 3134 2465 3168 voluntate
2487 3142 2557 3166 mo-

1498 3180 1576 3211 bilis.
1597 3179 1639 3210 Et
1661 3179 1821 3216 similiter,
1845 3178 1920 3221 qula
1939 3177 2121 3230 praecipere
2152 3185 2240 3210 actus
2264 3185 2312 3211 est
2338 3172 2517 3212 intellectus
2538 3187 2557 3208 a

1497 3224 1659 3255 voluntate
1683 3223 1774 3262 moti,
1791 3230 1828 3254 ut
1843 3222 1987 3264 superius
2010 3222 2042 3253 in
2058 3223 2244 3265 quaestione
2267 3223 2307 3254 de
2322 3219 2489 3264 Imperio*
2500 3230 2556 3263 pa·

1498 3274 1554 3305 tet;
1572 3274 1699 3308 oportet
1714 3274 1750 3298 ut
1765 3266 1941 3309 prudentia,
1954 3266 2043 3298 cuius
2053 3267 2248 3308 praecipuus
2264 3274 2295 3299 et
2305 3277 2365 3308 pro
2389 3266 2453 3300 rius
2468 3272 2556 3300 actus

1498 3318 1544 3343 est
1558 3318 1638 3343 recte
1653 3311 1831 3352 praecipere
1845 3310 1878 3342 in
1895 3310 2070 3352 agibilibus,
2083 3310 2123 3343 sit
2134 3310 2284 3352 perfectio
2301 3310 2365 3342 inte
2377 3303 2476 3352 lectus
2487 3319 2556 3340 non

1498 3356 1652 3392 absolute,
1671 3355 1725 3386 sed
1741 3362 1776 3386 ut
1799 3365 1817 3386 a
1831 3355 1994 3387 voluntate
2009 3355 2100 3387 moti.
2115 3355 2156 3387 Et
2177 3354 2254 3386 haec
2269 3355 2348 3386 bene
2363 3361 2448 3386 nota.

2595 811 2602 820 ·
2617 809 2654 832 ef.
2668 816 2732 833 uum
2747 817 2774 835 ιι.

2586 2529 2598 2540 '⁴
2612 2529 2664 2552 Art.
2679 2529 2702 2558 6,
2716 2530 2746 2553 nd
2760 2537 2777 2553 ι.

2588 2573 2679 2597 ’Num
2692 2575 2802 2603 praeced,

2583 3229 2652 3258 Ὠιι
2662 3235 2719 3257 xvu,
2728 3232 2770 3252 nrt.
2779 3235 2796 3252 ι.

1551 3461 1599 3469 Μ
