2846 4146
117 478 126 487 ·
142 477 167 498 ln
183 481 286 504 corpore.

123 2513 213 2596 3453:
222 2518 335 2562 ¹¹1¹..·.‘!‘³·„·.

124 2667 138 2679 ⁴
149 2666 202 2689 Art.
216 2665 321 2694 praeced.

1045 233 1310 279 QUAEstio
1341 232 1459 279 μνη,

355 319 414 349 tus
443 323 524 348 esse
552 311 768 359 aliquorum
801 311 895 348 sicut
922 319 1086 348 actuum.
1117 311 1166 347 Et
1191 311 1266 347 hoc
1294 310 1412 347 modo

354 364 509 401 virtutes
527 364 794 401 intellectuales
822 372 908 400 sunt
928 376 1062 400 eorum
1090 375 1158 412 per
1177 375 1273 411 quae
1293 363 1411 399 homo

354 417 398 454 fit
411 417 554 454 beatus.
564 417 669 453 Turn
685 417 773 465 quia
789 424 893 453 actus
908 418 1042 454 harum
1057 417 1238 453 virtutum
1254 423 1414 464 possunt

356 481 437 506 esse
457 469 650 518 meritorii,
671 469 766 506 sicut
785 470 925 506 dictum
947 478 1002 506 est
1015 469 1046 506 ²⁸.
1068 470 1171 506 Tum
1192 468 1304 505 etiam
1326 468 1413 516 quia

356 530 442 559 sunt
478 522 668 571 quaedam
705 522 895 559 inchoatio
934 523 1121 571 perfectae
1159 521 1412 567 beatitudinis,
1438 497 1442 564 1

1489 232 1783 268 ARTICULUS
1816 233 1842 267 ll
2444 233 2517 270 365

1467 322 1563 359 quae
1578 309 1617 346 in
1633 310 1950 358 contemplatione
1966 306 2047 346 veri
2064 310 2239 357 consistit,
2261 310 2355 347 sicut
2375 323 2488 359 supra
2500 311 2521 333 ’¹‘

1467 363 1608 400 dictum
1638 370 1704 399 est.

1519 417 1578 452 AD
1605 426 1763 451 TERTmM
1801 426 1984 451 DICENDUM
2012 414 2116 462 quod
2154 415 2307 452 scientia
2345 415 2521 452 dividitur

1468 476 1599 504 contra
1633 467 1810 504 virtutem
1844 467 2012 504 secundo
2045 467 2162 503 modo
2197 467 2335 504 dictam
2359 467 2395 514 ²¹²,
2425 479 2521 515 quae

1470 520 1633 569 pertinet
1660 520 1709 557 ad
1736 520 1816 557 vim
1845 519 2101 568 appetitivam.

1032 618 1361 651 Commentaria
1384 615 1632 648 Cardinalis
1653 615 1851 648 Caietani

359 708 406 769 IN
429 697 560 728 articulo
583 697 687 737 primo
704 697 896 737 quaestionis
915 696 1355 737 quinquagesimaeseptimae,
1379 694 1411 724 in

387 741 591 781 responsione
615 741 654 771 ad
669 741 818 781 primum,
839 741 943 777 habes,
968 741 1095 777 novitie‚
1116 741 1349 771 distinctionem
1373 741 1410 770 de

1471 706 1566 736 opere
1589 695 1727 727 interiori
1746 695 1929 731 intellectus,
1948 701 1978 725 et
1993 701 2076 725 extra
2093 702 2183 729 eum;
2201 703 2218 723 a
2234 703 2299 734 quo
2321 693 2432 724 dicitur
2449 703 2524 734 ope-

1469 741 1604 772 rativum
1627 741 1715 781 quod
1737 747 1868 770 vocatur
1890 738 2072 779 practicum.

1123 895 1334 936 ARTICU
1342 895 1438 936 LUS

1469 893 1764 935 SECUNDUS

669 978 823 1008 UTRUM
847 978 942 1008 SINT
967 978 1152 1008 TANTUM
1176 977 1285 1008 TRES
1309 977 1495 1008 HABITUS
1519 976 1902 1007 INTELLECTUALES
1926 974 2220 1007 SPECULATIVI.

901 1021 1095 1052 SCILICET
1119 1022 1359 1057 SAPIENTIA,
1384 1021 1582 1052 SCIENTIA
1606 1021 1662 1051 ET
1687 1020 1984 1050 lNTELLECTUS

1250 1100 1290 1124 De
1308 1099 1413 1129 Virtut„
1433 1107 1477 1131 qu.
1495 1107 1517 1130 1,
1536 1104 1583 1123 art.
1602 1106 1641 1123 12.

441 1200 527 1229 μή(
570 1193 796 1219 DSECUNDUM
811 1192 864 1217 Slc
883 1191 1122 1217 paocanrrua.
1138 1180 1296 1217 Videtur
1310 1179 1415 1228 quod
1469 1191 1577 1216 mum
1614 1187 1786 1227 respectu
1823 1179 1936 1216 totius
1973 1178 2194 1226 cognitionis
2228 1179 2430 1215 humanae.
2477 1176 2525 1214 Et

389 1215 546 1295 ζέᾂὲἒῦ
571 1233 881 1271 inconvenienter
909 1233 1181 1280 distinguantur
1207 1240 1281 1269 tres
1299 1232 1416 1269 virtu-

435 1304 495 1331 πῃ
516 1292 537 1326 f

393 1316 511 1372 ’κζ’-’ζῶ
526 1331 764 1387 Ksapientia,
785 1337 939 1374 scientia
959 1345 993 1373 et
1013 1337 1231 1373 intellectus.
1262 1337 1416 1385 Species

360 1391 461 1428 enim
489 1402 568 1436 non
596 1391 710 1428 debet
738 1389 930 1426 condividi
965 1389 1103 1436 generi.
1135 1389 1211 1426 Sed
1236 1389 1418 1436 sapientia

269 1466 276 1473 -
325 1469 330 1474 -
359 1450 416 1480 est
443 1443 634 1491 quaedam
668 1442 842 1488 scientia,
871 1449 912 1477 ut
945 1441 1078 1477 dicitur
1105 1441 1144 1477 in
1170 1442 1221 1477 VI
1250 1441 1359 1477 Ethic
1385 1441 1416 1477 ³¹².

285 1486 330 1505 ‘v'
359 1497 462 1544 Ergo
491 1495 674 1545 sapientia
702 1507 780 1531 non
806 1494 919 1531 debet
946 1493 1141 1530 condividi
1169 1493 1358 1541 scientiae,
1380 1494 1417 1530 in

359 1561 521 1586 numero
549 1548 732 1585 virtutum
760 1546 1078 1584 intellectualium.

414 1613 450 1638 2.
472 1603 703 1648 PRAETEREA,
719 1600 758 1636 in
774 1598 1008 1637 distinctione
1027 1598 1294 1647 potentiarum,
1314 1597 1419 1635 habi-

359 1663 469 1692 tuum
480 1662 518 1691 et
527 1662 692 1701 actuum,
705 1665 802 1702 quae
818 1651 1018 1689 attenditur
1032 1651 1244 1688 secundum
1257 1651 1416 1697 obiecta,

360 1707 565 1745 attenditur
591 1706 845 1756 principaliter
874 1704 1058 1742 distinctio
1083 1716 1182 1752 quae
1206 1711 1261 1740 est
1288 1715 1421 1740 secun-

361 1761 455 1800 dum
474 1760 661 1798 rationem
681 1759 879 1796 formalem
899 1758 1150 1804 obiectorum,
1165 1765 1207 1793 ut
1226 1769 1271 1793 ex
1291 1768 1420 1804 supra-

325 1827 332 1859 ζ
361 1813 468 1852 dictis
490 1813 510 1836 *
537 1820 651 1862 patet.
681 1813 772 1849 Non
802 1823 891 1859 ergo
927 1810 1065 1848 diversi
1098 1810 1248 1846 habitus
1282 1810 1422 1847 debent

360 1866 535 1914 distingui
545 1866 759 1903 secundum
774 1863 967 1900 materiale
978 1863 1188 1908 obiectum;
1205 1862 1273 1899 sed
1288 1875 1421 1899 secun-

361 1920 456 1958 dum
475 1918 662 1956 rationem
682 1918 882 1955 formalem
902 1917 998 1953 illius
1018 1915 1166 1953 obiecti.
1188 1916 1265 1952 Sed
1283 1915 1421 1964 princi-

360 1973 467 2023 pium
483 1970 790 2010 demostrationis
806 1977 861 2007 est
875 1969 969 2006 ratio
985 1969 1128 2006 sciendi
1145 1968 1418 2005 conclusiones.

361 2027 454 2064 Non
469 2037 558 2074 ergo
573 2025 780 2062 intellectus
794 2022 1066 2072 principiorum
1083 2022 1196 2059 debet
1208 2022 1301 2070 poni
1316 2021 1421 2058 habi-

360 2087 420 2116 tus
444 2078 548 2126 alius,
569 2085 634 2115 aut
658 2076 730 2114 alia
746 2076 878 2123 virtus,
899 2087 921 2112 a
941 2075 1094 2112 scientia
1119 2074 1418 2111 conclusionum.

417 2133 452 2170 3.
482 2132 714 2177 PRAETEREA,
742 2129 861 2167 virtus
887 2128 1143 2165 intellectualis
1172 2127 1305 2164 dicitur
1324 2139 1421 2176 quae

362 2193 419 2222 est
431 2184 470 2222 in
486 2184 568 2233 ipso
589 2182 759 2220 rationali
773 2195 842 2231 per
861 2181 1074 2219 essentiam.
1089 2181 1166 2217 Sed
1185 2181 1291 2226 ratio,
1309 2180 1422 2217 etiam

362 2237 606 2287 speculativa,
623 2236 718 2273 sicut
731 2235 975 2272 ratiocinatur
989 2234 1247 2283 syllogizando
1264 2234 1422 2271 demon-

362 2290 533 2336 strative3
553 2290 603 2327 ita
631 2289 744 2326 etiam
772 2287 1015 2326 ratiocinatur
1033 2286 1290 2335 syllogizando
1310 2286 1424 2323 diale-

362 2344 468 2381 ctice.
489 2343 591 2391 Ergo
611 2342 707 2379 sicut
735 2341 900 2388 scientia,
922 2352 1021 2389 quae
1042 2348 1218 2377 causatur
1246 2351 1291 2376 ex
1311 2339 1422 2387 syllo-

362 2397 484 2445 gismo
514 2394 827 2442 demonstrativo,
847 2393 999 2443 ponitur
1016 2393 1137 2430 virtus
1165 2391 1423 2429 intellectualis

362 2449 614 2499 speculativa;
643 2448 692 2485 ita
721 2447 834 2484 etiam
864 2454 899 2483 et
927 2446 1069 2495 opinio.

417 2503 492 2540 SED
512 2513 658 2539 CONTRA
680 2513 746 2537 EST
765 2500 872 2548 quod
895 2499 1163 2547 Philosophus,
1184 2498 1234 2534 VI
1254 2497 1374 2533 Ethic.
1390 2497 1421 2544 ²³⁶,

363 2554 472 2604 ponit
485 2555 554 2591 has
568 2555 694 2590 solum
708 2561 783 2589 tres
797 2552 955 2588 virtutes
970 2551 1238 2587 intellectuales
1253 2549 1422 2597 specula-

364 2608 472 2654 tivas,
497 2606 637 2643 scilicet
655 2604 892 2654 sapientiam,
908 2603 1103 2640 scientiam
1125 2610 1161 2638 et
1179 2602 1421 2638 intellectum.

419 2661 644 2697 Respounsso
654 2669 839 2695 mCENDum
850 2656 966 2705 quod,
979 2655 1073 2692 sicut
1083 2655 1159 2691 iam
1169 2654 1189 2676 ’³‘
1199 2654 1341 2691 dictum
1357 2661 1423 2701 est,

364 2713 484 2750 virtus
507 2710 764 2748 intellectualis
791 2708 1023 2758 speculativa
1047 2715 1103 2744 est
1129 2719 1198 2756 per
1226 2719 1341 2756 quam
1371 2706 1424 2743 in-

365 2766 535 2802 tellectus
553 2763 806 2813 speculativus
826 2762 1018 2810 perficitur
1038 2761 1086 2797 ad
1106 2759 1425 2797 considerandum

365 2830 519 2855 verum:
548 2818 623 2854 hoc
651 2816 754 2852 enim
784 2822 839 2852 est
866 2816 1012 2852 bonum
1041 2825 1138 2863 opus
1168 2813 1259 2850 eius.
1280 2813 1425 2849 Verum

367 2878 495 2908 autern
521 2877 576 2907 est
595 2868 792 2918 dupliciter
816 2866 1102 2904 considerabile:
1131 2878 1208 2902 uno
1228 2865 1359 2913 modo,
1380 2865 1426 2902 si-

368 2931 430 2961 cut
438 2935 507 2973 per
521 2934 562 2959 se
576 2930 728 2967 notum;
744 2921 816 2958 alio
833 2920 963 2967 modo,
976 2919 1071 2956 sicut
1080 2931 1149 2967 per
1162 2918 1264 2955 aliud
1278 2925 1424 2955 notum.

369 2977 487 3023 Quod
511 2982 639 3012 autem
666 2982 722 3011 est
740 2986 808 3022 per
833 2986 874 3010 se
896 2980 1044 3019 notum,
1071 2984 1111 3008 se
1135 2972 1250 3008 habet
1267 2978 1309 3007 ut
1327 2971 1427 3019 prin-

333 3052 337 3056 ·
369 3029 526 3079 cipium3
547 3036 583 3065 et
601 3027 805 3077 percipitur
829 3025 951 3063 statim
974 3026 1021 3062 ab
1041 3024 1242 3061 intellectu.
1264 3025 1313 3060 Et
1340 3023 1426 3060 ideo

368 3082 518 3119 habitus
543 3080 745 3130 perficiens
773 3079 1004 3116 intellectum
1034 3078 1080 3114 ad
1109 3076 1329 3113 huiusmodi
1347 3076 1428 3112 veri

369 3133 726 3180 considerationem,
755 3139 916 3169 vocatur
943 3130 1155 3176 intellectus,
1186 3130 1250 3178 qui
1278 3136 1334 3166 est
1362 3130 1428 3166 ha-

369 3188 468 3225 bitus
496 3186 780 3235 principiorum.

421 3241 567 3277 Verum
595 3246 724 3276 autem
743 3237 850 3287 quod
879 3244 934 3274 est
960 3248 1029 3285 per
1053 3235 1154 3273 aliud
1182 3242 1328 3282 notum,
1350 3246 1428 3271 non

370 3292 494 3330 statim
522 3292 727 3341 percipitur
747 3291 795 3328 ab
814 3290 1015 3336 intellectu,
1037 3288 1103 3326 sed
1130 3299 1200 3337 per
1222 3287 1428 3336 inquisitio-

370 3358 461 3383 nem
481 3345 653 3383 rationis:
675 3352 711 3381 et
730 3356 770 3381 se
784 3343 899 3381 habet
918 3342 956 3379 in
971 3341 1114 3379 ratione
1134 3340 1294 3378 termini.
1312 3340 1428 3387 Quod

371 3398 525 3448 quidem
553 3405 677 3447 potest
701 3409 782 3434 esse
803 3395 1014 3445 dupliciter:
1043 3407 1121 3431 uno
1157 3394 1287 3441 modo,
1316 3400 1358 3430 ut
1385 3393 1430 3430 sit

370 3452 544 3489 ultimum
572 3451 609 3487 in
630 3451 755 3499 aliquo
783 3461 941 3497 genere;
971 3448 1043 3485 alio
1064 3447 1194 3493 modo,
1215 3454 1256 3483 ut
1276 3446 1322 3483 sit
1349 3446 1429 3483 ulti-

1470 1232 1557 1280 quia
1576 1244 1621 1268 ea
1650 1243 1746 1280 quae
1771 1238 1858 1268 sunt
1879 1232 2063 1280 posterius
2083 1237 2169 1268 nota
2198 1230 2322 1279 quoad
2340 1242 2418 1275 nos,
2443 1235 2530 1266 sunt

571 1295 625 1324 tes
662 1286 929 1323 intellectuales
963 1285 1237 1332 speculativae,
1277 1284 1415 1321 scilicet
1466 1285 1599 1332 priora
1618 1290 1653 1321 et
1670 1285 1793 1333 magis
1814 1290 1901 1321 nota
1924 1285 2125 1321 secundum
2154 1289 2342 1328 naturam,
2371 1290 2411 1319 ut
2437 1282 2526 1319 dici-

1471 1345 1531 1373 tur
1550 1337 1587 1373 in
1617 1338 1630 1372 Ι
1658 1338 1806 1384 Physic.
1828 1337 1868 1382 *;
1890 1337 1976 1374 ideo
1997 1337 2035 1374 id
2055 1337 2159 1385 quod
2188 1344 2242 1372 est
2266 1335 2440 1372 ultimum
2470 1347 2526 1371 re-

1472 1397 1603 1437 spectu
1631 1389 1744 1425 totius
1775 1389 1997 1437 cognitionis
2029 1390 2242 1435 humanae,
2274 1395 2328 1424 est
2355 1387 2392 1424 id
2421 1387 2525 1436 quod

1473 1449 1528 1477 est
1564 1441 1731 1489 primum
1760 1449 1796 1478 et
1828 1442 1990 1478 maxime
2029 1441 2282 1489 cognoscibile
2315 1441 2526 1477 secundum

1473 1500 1658 1529 naturam.
1685 1494 1734 1530 Et
1761 1493 1859 1530 circa
1887 1494 2105 1530 huiusmodi
2134 1502 2189 1530 est
2215 1494 2407 1542 sapientia,
2429 1505 2526 1541 quae

1475 1545 1688 1582 considerat
1716 1546 1911 1582 altissimas
1941 1559 2089 1593 causas,
2117 1554 2158 1582 ut
2187 1546 2318 1582 dicitur
2345 1546 2382 1582 in
2410 1545 2527 1581 IMe-

1474 1599 1618 1646 taphys.
1645 1597 1664 1619 '¹‘
1693 1598 1804 1635 Unde
1833 1598 2102 1635 convenienter
2138 1598 2276 1635 iudicat
2308 1606 2344 1634 et
2382 1598 2528 1634 ordinat
2555 1602 2564 1610 '

1476 1650 1524 1687 de
1549 1650 1747 1687 omnibus:
1778 1651 1866 1699 quia
1885 1651 2066 1687 iudicium
2085 1651 2293 1699 perfectum
2314 1658 2349 1687 et
2375 1650 2528 1687 univer-

1475 1704 1552 1739 sale
1580 1703 1710 1739 haberi
1738 1715 1817 1740 non
1844 1710 1968 1751 potest
1988 1703 2058 1739 nisi
2086 1715 2154 1752 per
2182 1703 2452 1740 resolutionem
2481 1703 2528 1740 ad

1475 1756 1618 1804 primas
1651 1768 1795 1792 causas.
1818 1777 1841 1783 -
1862 1756 1922 1792 Ad
1950 1756 1989 1793 id
2016 1768 2110 1792 vero
2139 1755 2244 1804 quod
2274 1763 2329 1792 est
2355 1755 2528 1792 ultimum

1475 1809 1514 1845 in
1540 1809 1615 1845 hoc
1633 1809 1695 1845 vel
1723 1809 1761 1845 in
1790 1809 1852 1845 illo
1872 1820 2009 1856 genere
2034 1808 2357 1856 cognoscibilium,
2385 1807 2531 1856 perficit

1475 1861 1704 1898 intellectum
1741 1861 1905 1898 scientia.
1936 1863 1984 1898 Et
2011 1861 2098 1898 ideo
2131 1861 2342 1898 secundum
2380 1861 2530 1897 diversa

1475 1926 1614 1962 genera
1633 1914 1831 1962 scibilium,
1848 1922 1934 1951 sunt
1949 1914 2087 1951 diversi
2105 1914 2254 1950 habitus
2269 1913 2527 1950 scientiarum:

1476 1980 1564 2004 cum
1592 1975 1720 2004 tamen
1749 1967 1930 2016 sapientia
1958 1979 2036 2003 non
2064 1968 2110 2003 sit
2137 1966 2207 2003 nisi
2233 1979 2321 2003 una.

1529 2022 1587 2057 An
1616 2031 1753 2057 PR1MUM
1780 2032 1878 2057 ERGO
1910 2032 2093 2057 DICENDUM
2130 2019 2235 2068 quod
2268 2019 2449 2068 sapientia
2477 2027 2532 2056 est

1475 2073 1666 2121 quaedam
1696 2079 1713 2095 α
1750 2073 1922 2120 scientia,
1957 2073 2180 2121 inquantum
2212 2073 2327 2109 habet
2352 2073 2391 2109 id
2428 2072 2532 2120 quod

1477 2134 1532 2162 est
1547 2139 1753 2163 commune
1770 2126 1946 2162 omnibus
1965 2125 2138 2173 scientiis,
2158 2133 2198 2162 ut
2218 2125 2356 2162 scilicet
2370 2137 2414 2162 ex
2432 2125 2533 2174 prin-

1477 2179 1580 2227 cipiis
1596 2179 1858 2216 conclusiones
1875 2178 2119 2215 demonstret.
2137 2179 2214 2215 Sed
2234 2178 2321 2227 quia
2336 2178 2449 2214 habet
2468 2177 2532 2214 ali-

1478 2232 1569 2280 quid
1597 2232 1794 2281 proprium
1831 2243 1945 2279 supra
1970 2230 2062 2268 alias
2090 2231 2280 2278 scientias,
2310 2231 2533 2278 inquantum

1478 2285 1617 2322 scilicet
1632 2285 1678 2322 de
1694 2284 1872 2321 omnibus
1889 2284 2046 2330 iudicat;
2064 2291 2101 2320 et
2115 2296 2193 2321 non
2208 2285 2332 2321 solum
2348 2290 2531 2332 quantum

1477 2339 1526 2375 ad
1559 2337 1843 2385 conclusiones,
1874 2337 1942 2374 sed
1970 2337 2083 2373 etiam
2121 2344 2305 2386 quantum
2338 2337 2386 2373 ad
2414 2336 2534 2384 prima

1476 2390 1674 2439 principia:
1695 2390 1782 2427 ideo
1802 2390 1917 2427 habet
1936 2389 2121 2426 rationem
2141 2389 2371 2439 perfectioris
2387 2388 2533 2426 virtutis

1478 2456 1595 2492 quam
1624 2443 1788 2480 scientia.

1530 2498 1589 2532 An
1609 2507 1798 2532 SECUNDUM
1817 2507 1999 2532 DICENDUM
2020 2494 2123 2543 quod
2143 2494 2297 2543 quando
2318 2490 2411 2531 ratio
2432 2494 2534 2530 obie-

1479 2549 1527 2585 cti
1546 2549 1616 2584 sub
1636 2560 1713 2584 uno
1743 2555 1829 2584 actu
1849 2548 2006 2583 refertur
2034 2547 2087 2583 ad'
2105 2547 2314 2595 potentiam
2341 2547 2402 2583 vel
2430 2546 2534 2583 habi-

1478 2608 1572 2647 tum,
1589 2608 1679 2637 tunc
1698 2613 1776 2636 non
1797 2600 2075 2647 distinguuntur
2094 2599 2244 2636 habitus
2262 2600 2324 2636 vel
2343 2599 2534 2647 potentiae

1479 2665 1597 2702 penes
1634 2652 1819 2689 rationem
1857 2651 1994 2688 obiecti
2023 2660 2059 2689 et
2093 2652 2283 2688 obiectum
2320 2652 2532 2688 materiale:

1481 2706 1576 2743 sicut
1599 2706 1647 2742 ad
1677 2705 1836 2742 eandem
1866 2704 2074 2753 potentiam
2101 2704 2265 2742 visivam
2292 2704 2452 2753 pertinet
2478 2704 2534 2741 vi-

1481 2759 1569 2796 dere
1599 2759 1779 2805 colorem,
1809 2765 1845 2794 et
1872 2759 2014 2804 lumen,
2040 2758 2143 2806 quod
2173 2765 2229 2794 est
2256 2757 2350 2794 ratio
2377 2757 2534 2794 videndi

1482 2812 1650 2848 colorem
1666 2819 1703 2848 et
1722 2811 1833 2848 simul
1854 2823 1940 2846 curn
1960 2810 2042 2859 ipso
2059 2810 2218 2847 videtur.
2236 2810 2422 2858 Principia
2441 2822 2533 2846 vero

1482 2863 1814 2901 demonstrationis
1828 2870 1988 2912 possunt
2006 2875 2178 2900 seorsum
2195 2862 2434 2910 considerari,
2451 2863 2535 2899 abs-

1482 2929 1555 2966 que
1574 2917 1649 2953 hoc
1663 2917 1768 2964 quod
1783 2916 2068 2953 considerentur
2083 2915 2355 2952 conclusiones.
2370 2916 2535 2952 Possunt

1482 2970 1596 3006 etiam
1613 2969 1842 3006 considerari
1862 2969 1972 3005 simul
1989 2981 2076 3006 cum
2092 2968 2407 3015 conclusionibus,
2424 2975 2535 3016 prout

1481 3022 1664 3071 principia
1679 3022 1716 3058 in
1737 3021 1998 3058 conclusiones
2019 3021 2265 3058 deducuntur.
2283 3021 2535 3058 Considerate

1484 3087 1572 3122 ergo
1607 3076 1682 3112 h'oc
1716 3074 1885 3111 secundo
1914 3075 2033 3112 modo
2067 3074 2267 3123 principia,
2300 3073 2460 3122 pertinet
2487 3073 2535 3110 ad

1482 3128 1689 3175 scientiam,
1710 3139 1809 3175 quae
1838 3127 2052 3164 considerat
2070 3127 2183 3163 etiam
2212 3126 2476 3163 conclusiones
2494 3126 2534 3162 *t
2563 3133 2571 3141 ’

1483 3181 1550 3217 sed
1574 3180 1812 3217 considerare
1839 3180 2020 3230 principia
2054 3181 2264 3217 secundum
2293 3179 2426 3228 seipsa,
2450 3191 2535 3227 per-

1482 3233 1575 3270 tinet
1603 3233 1650 3270 ad
1678 3233 1921 3270 intellectum.

1536 3286 1658 3333 Unde,
1675 3285 1705 3322 si
1719 3285 1803 3333 quis
1823 3293 1921 3322 recte
1941 3285 2163 3333 consideret,
2181 3285 2272 3322 istae
2286 3292 2361 3322 tres
2379 3284 2536 3321 virtutes

1483 3351 1560 3376 non
1577 3351 1622 3375 ex
1637 3350 1760 3387 aequo
1778 3338 2052 3386 distinguuntur
2067 3339 2115 3375 ab
2130 3338 2307 3384 invicem,
2320 3337 2387 3374 sed
2402 3337 2535 3374 ordine

1484 3393 1669 3441 quodam;
1682 3391 1777 3428 sicut
1790 3391 1924 3428 accidit
1937 3391 1975 3428 in
1989 3391 2075 3428 totis
2084 3390 2358 3440 potentialibus,
2371 3401 2536 3438 quorum

1483 3457 1560 3482 una
1574 3457 1661 3493 pars
1677 3452 1732 3481 est
1747 3444 1947 3493 perfectior
1961 3445 2086 3492 altera,
2099 3443 2192 3480 sicut
2207 3443 2332 3481 anima
2348 3443 2536 3480 rationalis

425 3566 451 3598 α)
471 3565 610 3598 quaedam.
623 3579 641 3583 -
659 3564 763 3597 quidem
784 3563 928 3593 ABCEHL,
948 3571 1001 3588 om.
1015 3563 1047 3587 G.

2548 323 2557 331 ·
2573 322 2620 350 Qu.
2630 328 2663 347 ιιι,
2678 326 2722 344 art.
2738 329 2762 349 7-

2550 474 2559 483 ·
2574 474 2609 495 Cf.
2625 479 2690 502 corp.
2704 478 2746 496 art.

2554 1338 2636 1386 &Clee-
2652 1343 2743 1386 idctq'ss'
2756 1349 2766 1353 “

2555 1632 2765 1679 {³3¹³r·;.¹s.01”.·.,⁷·„.-·
