2846 4146
385 261 463 297 414

387 343 462 380 que
492 332 595 380 quod
626 329 749 378 debet,
779 340 814 368 et
848 344 926 368 non
953 332 1037 380 plus
1070 343 1140 367 nec
1169 331 1305 367 minus.
1335 330 1441 365 Aliae

387 396 481 421 vero
509 384 665 421 virtutes
694 386 857 421 morales
886 384 1093 421 consistunt
1122 384 1219 419 circa
1246 382 1442 430 passiones

389 437 596 484 interiores,
617 437 654 474 in
683 437 820 485 quibus
845 450 922 474 non
950 444 1075 485 potest
1094 444 1238 472 rectum
1269 434 1441 470 constitui

389 490 526 526 eodem
547 490 665 527 modo
687 496 715 538 α,
736 498 890 539 propter
907 491 981 526 hoc
1002 489 1106 536 quod
1126 488 1300 524 homines
1322 487 1443 523 diver-

389 542 535 580 simode
565 555 603 579 se
631 544 772 580 habent
800 543 847 579 ad
877 542 1093 590 passiones:
1125 548 1159 576 et
1187 540 1272 576 ideo
1293 547 1443 587 oportet

389 595 493 643 quod
523 595 704 633 rectitudo
734 595 886 632 rationis
906 594 943 630 in
969 593 1205 642 passionibus
1233 592 1443 628 instituatur

441 711 467 743 α)
489 711 575 735 modo.
593 724 611 728 -
629 711 701 741 apud
720 717 808 734 omnes
828 710 922 732 addunt
941 708 991 732 EF.

1055 252 1319 298 QUAESTIO
1351 252 1488 298 LX1V,
1519 252 1813 288 ARTICULUS
1842 253 1891 288 111

1497 342 1565 377 per
1594 337 1806 378 respectum
1837 330 1885 367 ad
1913 342 1996 377 nOS‚
2027 331 2091 380 qui
2128 332 2317 369 afficimur
2344 332 2556 369 secundum

1497 394 1704 430 pass1ones.

1550 435 1599 471 Et
1625 446 1694 482 per
1722 436 1795 471 hoc
1823 442 1925 483 patet
1953 437 2150 485 responsio
2179 437 2228 474 ad
2262 437 2422 474 obiecta.
2452 438 2554 474 Nam

1496 486 1642 534 primae
1658 487 1755 523 duae
1771 487 1935 524 rationes
1954 489 2166 536 procedunt
2182 490 2228 526 de
2245 489 2372 526 medio
2389 489 2554 535 rationis,

1497 539 1603 587 quod
1635 539 1774 576 scilicet
1806 539 1996 577 invenitur
2027 541 2066 578 in
2098 542 2182 589 ipso
2218 550 2303 578 actu
2337 541 2501 578 rationis.
2531 562 2554 570 -

1497 591 1626 628 Tertia
1653 604 1747 628 vero
1777 592 1869 628 ratio
1898 593 2069 641 procedit
2097 595 2143 632 de
2172 594 2300 632 medio
2329 594 2500 631 iustitiae.

1060 777 1390 809 Commentaria
1412 775 1660 808 Cardinalis
1682 776 1880 809 Caietam

417 870 437 890 N
461 859 600 890 secundo
621 858 752 888 articulo
769 858 909 888 eiusdem
930 856 1269 897 sexagesimaequartae
1285 855 1443 896 quaestio-

391 871 479 938 Inis,
505 910 579 932 nota
604 902 754 932 terminos
779 901 894 941 quibus
919 901 950 930 in
975 901 1143 931 virtutibus
1168 900 1302 931 utimur:
1328 899 1443 930 scilicet

387 947 522 977 medium
548 947 691 982 rationis,
709 953 738 976 et
762 946 898 975 medium
919 946 976 977 rei.
994 945 1136 975 Medium
1155 944 1295 980 rationis,
1314 953 1387 974 cum
1404 943 1443 973 sit

386 991 501 1020 modus
524 990 555 1020 in
580 990 708 1020 materia
739 989 869 1019 alicuius
893 988 1015 1019 virtutis
1039 989 1214 1019 secundum
1245 987 1442 1018 conditiones

386 1035 525 1074 regulae,
551 1034 643 1073 exigit
667 1034 745 1063 duo:
772 1033 887 1063 scilicet
916 1033 1094 1069 materiam,
1120 1040 1150 1063 et
1173 1032 1369 1062 conditiones
1396 1042 1442 1061 ra-

386 1078 489 1108 tionis.
516 1078 559 1108 Ita
582 1078 669 1118 quod
694 1077 834 1108 consistit
858 1077 999 1107 medium
1022 1077 1151 1107 rationis
1175 1076 1205 1106 in
1235 1074 1442 1106 affirmatione

386 1122 558 1162 utriusque,
584 1122 699 1152 scilicet
722 1121 868 1152 materiae
888 1121 1042 1161 propriae,
1069 1127 1098 1151 et
1117 1120 1264 1151 omnium
1289 1119 1442 1150 conditio-

386 1176 465 1196 num
489 1166 697 1206 spectantium
721 1166 759 1195 ad
782 1165 936 1196 rationem
965 1172 1097 1196 rectam:
1123 1164 1208 1195 verbi
1232 1163 1345 1204 gratia,
1376 1173 1442 1193 me·

386 1210 475 1241 dium
499 1210 627 1240 rationis
650 1210 682 1239 in
707 1209 911 1249 temperantia
936 1216 981 1240 est
1004 1209 1148 1239 delectari
1176 1208 1319 1249 quando,
1344 1207 1440 1244 sicut,

385 1264 481 1294 quare
498 1260 632 1294 oportet,
647 1261 704 1284 etc.
718 1271 739 1276 —
751 1253 897 1284 Extrema
917 1260 1023 1284 autem
1043 1260 1213 1283 sumuntur
1234 1262 1329 1292 penes
1350 1261 1442 1291 nega-

385 1299 505 1328 tionem
518 1298 621 1333 unius,
636 1304 666 1328 et
677 1297 918 1328 affirmationem
934 1297 1073 1328 alterius:
1089 1297 1132 1328 ita
1144 1297 1231 1338 quod
1244 1295 1441 1335 superfluum

386 1341 519 1372 affirmat
537 1341 709 1378 materiam,
728 1341 846 1381 negatis
870 1341 1123 1378 conditionibus;
1148 1341 1342 1372 diminutum
1366 1350 1440 1370 vero

385 1393 478 1426 negat
501 1385 673 1422 materiam,
694 1385 854 1416 affirmatis
879 1385 1123 1417 conditionibus.
1147 1385 1241 1416 Verbi
1264 1384 1370 1425 gratia,
1396 1384 1442 1415 uti

386 1430 643 1460 delectationibus
672 1440 738 1459 non
766 1430 909 1470 quando,
943 1440 1008 1460 non
1032 1440 1142 1470 quare,
1172 1439 1237 1460 non
1261 1429 1315 1459 ubi
1343 1438 1439 1469 opor-

385 1481 437 1510 tet,
451 1481 520 1510 etc.,
535 1473 731 1514 superfluum
748 1481 806 1504 est:
824 1481 869 1504 est
885 1474 969 1504 enim
986 1473 1255 1509 delectationibus,
1272 1482 1353 1513 quae
1368 1479 1442 1503 sunt

384 1518 607 1558 temperantiae
622 1517 760 1554 materia,
775 1518 945 1558 plusquam
962 1517 1088 1558 oportet
1104 1517 1159 1549 uti.
1182 1518 1257 1548 Non
1274 1517 1319 1547 uti
1334 1523 1441 1547 autem

386 1562 644 1593 delectationibus
668 1562 796 1603 quando
821 1568 955 1602 oportet,
980 1572 1076 1603 quare
1099 1569 1234 1603 oportet,
1256 1568 1324 1597 etc„
1349 1561 1439 1591 dimi-

385 1613 518 1636 nutum:
544 1613 590 1636 est
612 1616 750 1647 namque
774 1606 879 1636 minus
904 1606 1047 1637 delectari
1071 1616 1169 1647 quam
1192 1613 1328 1646 oportet.

439 1649 582 1680 Medium
604 1657 710 1680 autem
733 1650 774 1680 rei
800 1650 940 1681 consistit
962 1650 994 1680 in
1018 1650 1203 1690 aequalitate
1226 1650 1270 1680 rei
1294 1650 1333 1680 ad
1356 1659 1439 1686 rem,

386 1704 441 1724 seu
469 1694 508 1724 ad
531 1704 700 1734 personam
723 1694 863 1725 alteram.
888 1694 1068 1735 Aequalitas
1097 1701 1203 1724 autem
1227 1704 1301 1725 cum
1326 1694 1441 1733 duplex

386 1738 437 1774 sit,
463 1738 579 1769 scilicet
608 1738 743 1768 duarum
767 1738 992 1779 quantitatum,
1018 1738 1098 1769 sicut
1128 1739 1193 1768 duo
1222 1738 1344 1778 pedalia
1367 1745 1441 1768 sunt

386 1782 536 1823 aequalia,
562 1789 591 1812 et
615 1782 756 1822 quinque
773 1789 802 1812 et
818 1782 959 1822 quinque
983 1789 1056 1812 sunt
1079 1782 1230 1823 aequalia,
1248 1789 1278 1812 et
1293 1782 1369 1812 haec
1385 1792 1440 1812 vo-

385 1833 472 1856 catur
487 1826 656 1867 aequalitas
671 1826 878 1862 arithmetica3
897 1833 926 1856 et
943 1826 1077 1856 duarum
1092 1826 1348 1866 proportionum,
1361 1826 1442 1856 sicut

385 1870 549 1910 proportio
566 1879 616 1899 sex
632 1870 671 1900 ad
687 1877 832 1910 quatuor,
850 1877 880 1900 et
896 1870 1065 1900 duodecim
1081 1870 1119 1900 ad
1136 1877 1219 1906 octo,
1237 1877 1311 1900 sunt
1326 1879 1440 1912 aequa-

382 1914 427 1944 les
452 1913 632 1954 utrobique,
657 1914 826 1954 utrobique
857 1914 942 1944 enim
965 1921 1010 1944 est
1039 1914 1240 1954 sesquialtera
1263 1914 1439 1954 proportio,

383 1957 463 1988 idest
475 1957 665 1988 continentia
677 1957 774 1988 totius
791 1964 821 1988 et
837 1957 971 1988 dimidii:
988 1964 1119 1998 utraque
1131 1958 1290 1988 invenitur
1303 1957 1336 1988 in
1351 1958 1440 1989 iusti-

382 2002 433 2032 tia.
457 2002 541 2031 Nam
563 2001 788 2032 commutativa
803 2001 919 2032 iustitia
938 2002 1083 2032 observat
1105 2002 1246 2032 medium
1263 2003 1439 2033 secundum

383 2046 601 2086 aequalitatem
619 2046 842 2086 quantitatum:
859 2056 933 2076 narn
950 2053 1106 2085 quantum
1120 2046 1201 2077 valet
1217 2047 1305 2086 quod
1317 2046 1438 2086 accipit,

382 2097 506 2121 tantum
529 2090 609 2120 valet
632 2090 720 2130 quod
736 2090 805 2126 dat;
826 2097 861 2120 ut
883 2096 968 2129 patet
983 2089 1014 2119 in
1039 2090 1210 2130 emptione.
1227 2090 1347 2121 Iustitia
1363 2101 1438 2122 vero

383 2134 578 2165 distributiva
601 2134 744 2164 observat
767 2134 910 2164 medium
925 2134 1099 2164 secundum
1124 2134 1345 2174 aequalitatem
1365 2145 1438 2175 pro-

382 2178 582 2218 portionum:
613 2188 688 2208 nam
719 2178 851 2208 eandem
879 2175 1120 2218 proportionem
1148 2178 1220 2209 facit
1244 2179 1325 2210 inter
1353 2180 1438 2210 bona

383 2232 463 2263 quae
487 2222 651 2258 distribuit,
668 2232 766 2262 quam
785 2223 900 2252 habent
918 2222 998 2252 inter
1021 2232 1053 2252 se
1077 2232 1229 2261 personae
1253 2223 1368 2263 quibus
1392 2223 1436 2253 di-

383 2267 552 2297 stribuitur.
562 2284 582 2289 —
597 2267 744 2296 Extrema
756 2273 862 2296 autem
874 2266 907 2296 in
922 2266 1109 2306 aequalitate
1124 2266 1346 2306 quantitatum,
1364 2274 1438 2299 sunt

382 2311 454 2350 plus
479 2318 509 2341 et
531 2310 637 2340 minus
661 2310 836 2340 secundum
864 2310 1083 2350 quantitatem,
1108 2317 1143 2340 ut
1166 2317 1259 2350 patet.
1291 2311 1437 2342 Extrema

383 2361 489 2384 autem
517 2354 549 2384 in
574 2354 760 2394 aequalitate
789 2354 1048 2394 proportionum,
1081 2361 1154 2384 sunt
1176 2354 1248 2394 plus
1277 2361 1307 2385 et
1331 2355 1436 2386 minus

382 2398 558 2429 secundum
573 2397 826 2438 proportionem:
843 2398 886 2429 ita
901 2398 989 2438 quod
1005 2397 1039 2434 si,
1052 2398 1137 2428 verbi
1152 2398 1258 2437 gratia,
1273 2398 1353 2429 inter
1368 2409 1436 2439 per-

381 2453 474 2473 sonas
497 2449 544 2473 est
561 2443 725 2482 proportio
740 2442 950 2482 sesquialtera,
968 2442 1165 2482 superfluum
1181 2442 1238 2473 erit
1253 2442 1278 2472 si
1293 2443 1374 2473 inter
1387 2453 1436 2474 res

381 2486 558 2517 distributas
575 2486 614 2517 sit
629 2486 793 2527 proportio
809 2487 916 2526 dupla,
931 2486 965 2516 in
981 2496 1044 2527 qua
1060 2486 1238 2518 continetur
1252 2493 1356 2517 totum
1372 2487 1435 2525 bis;

382 2531 575 2561 diminutum
589 2540 673 2565 vero,
691 2531 715 2561 si
735 2531 815 2561 inter
829 2540 877 2561 res
896 2529 1075 2560 distributas
1091 2537 1171 2560 esset
1187 2531 1352 2570 proportio
1372 2541 1435 2562 ses-

380 2574 535 2615 quitertia,
548 2581 603 2604 aut
619 2574 844 2616 sesquiquarta,
861 2574 894 2604 in
910 2584 974 2614 qua
989 2574 1167 2604 continetur
1182 2581 1287 2605 totum
1302 2581 1332 2605 et
1348 2574 1436 2606 tertia

380 2628 450 2659 pars
474 2619 524 2649 vel
546 2625 656 2659 quarta
679 2625 812 2649 tantum.

435 2663 472 2694 11.
497 2663 537 2693 Et
557 2662 711 2702 quoniam
729 2662 872 2693 medium
895 2662 938 2692 rei
962 2662 1002 2692 ad
1018 2662 1151 2692 alterum
1166 2669 1220 2698 est,
1239 2672 1435 2703 consequens

380 2714 425 2737 est
447 2714 482 2738 ut
505 2709 544 2736 sit
567 2707 708 2737 medium
731 2707 811 2737 inter
833 2706 905 2746 plus
928 2706 993 2742 uni,
1015 2713 1045 2737 et
1068 2706 1174 2736 minus
1197 2706 1299 2737 alteri:
1324 2707 1374 2737 vel
1393 2706 1435 2737 ita

378 2752 466 2792 quod
490 2751 560 2791 plus
577 2751 616 2781 sit
639 2751 716 2781 mihi
732 2758 763 2781 et
776 2751 881 2781 minus
900 2750 997 2786 alteri,
1016 2757 1051 2780 ut
1065 2750 1098 2780 in
1115 2750 1434 2787 commutationibus;

377 2795 427 2825 vel
450 2794 491 2825 ita
515 2795 602 2835 quod
625 2795 697 2835 plus
721 2795 775 2825 uni
805 2795 886 2835 parti
910 2801 940 2825 et
963 2794 1068 2825 minus
1091 2794 1188 2830 alteri,
1214 2801 1248 2825 ut
1278 2794 1311 2824 in
1334 2794 1434 2826 distri-

379 2838 571 2869 butionibus.
585 2857 606 2862 —
622 2839 764 2870 Medium
787 2845 894 2869 autem
910 2838 1048 2875 rationis,
1073 2838 1146 2879 quia
1163 2838 1302 2869 continet
1325 2839 1382 2869 sub
1400 2848 1431 2869 se

379 2890 670 2914 commensuratum
701 2882 758 2913 sibi
783 2890 813 2914 et
837 2889 1129 2913 commensuratum
1153 2882 1255 2919 alteri,
1286 2883 1435 2913 abstrahit

1495 863 1526 886 et
1549 856 1606 886 sibi
1630 863 1660 886 et
1683 856 1784 887 alteri:
1810 857 1891 888 sicut
1909 857 2026 888 animal
2049 859 2087 889 ab
2111 859 2241 890 homine
2260 867 2291 892 et
2305 861 2407 892 leone.
2424 861 2556 901 Propter

1495 901 1593 941 quod,
1610 901 1752 931 medium
1771 901 1900 932 rationis
1923 902 1956 932 in
1980 903 2156 939 communi,
2173 903 2315 935 consistit
2331 904 2412 935 inter
2426 906 2499 946 plus
2523 912 2553 936 et

1495 944 1601 974 minus
1625 945 1800 975 secundum
1824 945 1993 976 rationem:
2017 946 2050 976 in
2074 946 2200 987 speciali
2219 954 2335 984 autem,
2353 948 2553 980 dissimiliter.

1495 989 1577 1018 Nam
1599 988 1631 1018 in
1654 989 1821 1019 virtutibus
1846 989 1925 1020 circa
1952 990 2130 1031 passiones,
2162 991 2304 1022 medium
2328 991 2456 1023 rationis
2480 1003 2554 1023 con-

1495 1032 1574 1062 sistit
1594 1032 1674 1062 inter
1689 1033 1761 1073 plus
1784 1040 1814 1063 et
1837 1034 1942 1064 minus
1966 1033 2044 1064 mihi
2066 1034 2125 1074 ipsi
2149 1034 2288 1074 eligenti,
2311 1036 2392 1067 sicut
2410 1036 2555 1067 medium

1495 1075 1636 1106 consistit
1658 1076 1690 1106 in
1715 1077 2023 1108 commensuratione
2048 1079 2087 1108 ad
2102 1078 2277 1119 meipsum:
2302 1085 2332 1110 et
2347 1088 2477 1120 propter
2492 1081 2554 1112 hoc

1495 1119 1609 1150 dicitur
1636 1120 1668 1150 in
1699 1120 1800 1151 littera
1828 1121 1917 1162 quod
1947 1122 2090 1152 medium
2120 1123 2152 1153 in
2183 1123 2382 1163 passionibus
2418 1125 2554 1156 sumitur

1494 1164 1599 1204 quoad
1614 1174 1681 1195 nos.
1699 1165 1734 1194 In
1747 1165 1864 1196 iustitia
1879 1172 1995 1202 autem,
2010 1167 2153 1198 medium
2169 1167 2299 1199 rationis
2316 1168 2554 1202 consistitinter

1494 1207 1566 1247 plus
1590 1208 1645 1238 uni
1669 1215 1699 1239 et
1722 1209 1828 1240 minus
1851 1209 1954 1246 alteri,
1980 1210 2061 1241 sicut
2083 1218 2113 1242 et
2135 1211 2285 1250 medium·
2301 1212 2355 1244 rei.
2380 1211 2464 1250 Quia
2486 1221 2553 1244 non

1494 1252 1600 1282 solum
1619 1253 1840 1293 aequalitatem
1856 1254 1987 1284 eandem
2007 1265 2105 1295 quam
2121 1255 2164 1287 rei
2190 1255 2334 1287 medium
2352 1256 2456 1298 exigit,
2470 1263 2554 1289 recta

1493 1296 1572 1327 ratio
1602 1296 1740 1337 imponit
1758 1297 1775 1317 *
1798 1297 1949 1335 iustitiae;
1980 1299 2256 1330 sedrconditiones
2280 1300 2375 1332 etiam
2397 1301 2505 1332 nullas
2525 1300 2552 1332 ei

1493 1340 1626 1380 apponit
1648 1341 1707 1371 nisi
1730 1342 1941 1374 redundantes
1967 1343 2000 1372 in
2031 1343 2254 1384 aequalitatem
2275 1344 2325 1375 vel
2348 1344 2555 1387 inaequalita-⁴

1493 1391 1558 1414 tem
1580 1385 1641 1415 rei:
1667 1385 1794 1416 reddere
1817 1396 1956 1428 namque
1979 1387 2122 1419 debitum
2143 1397 2226 1420 recta
2249 1388 2328 1419 ratio
2345 1388 2440 1427 dictat
2461 1389 2550 1421 iusti-

1493 1428 1562 1464 tiae,
1585 1430 1713 1470 quando
1738 1436 1768 1461 et
1791 1430 1845 1460 ubi
1862 1438 1997 1471 oportet,
2014 1441 2072 1471 pro
2097 1439 2217 1472 quanto
2234 1432 2352 1464 faciunt
2370 1433 2421 1464 vel
2435 1433 2553 1471 'tollunt

1491 1473 1646 1503 rationem
1670 1474 1774 1504 debiti.
1799 1492 1820 1497 -
1843 1475 1884 1505 Et
1906 1482 2072 1516 propterea
2095 1483 2162 1507 esto
2187 1483 2311 1514 cautus,
2337 1483 2373 1508 ut
2395 1473 2553 1511 discernas·

1493 1517 1739 1548 circumstantias
1753 1518 1786 1548 in
1802 1519 1931 1550 materia
1942 1519 2078 1550 iustitiae
2091 1520 2255 1561 dupliciter
2269 1521 2417 1552 inveniri}
2433 1519 2550 1562 priino',

1493 1567 1528 1591 ut
1551 1561 1727 1593 redundant
1749 1562 1782 1592 in
1805 1564 1936 1604 aequale
1959 1564 2009 1594 vel
2031 1563 2205 1604 inaequale,
2233 1565 2313 1597 idest
2335 1572 2372 1597 ut
2391 1566 2551 1606 pertinent

1493 1605 1532 1635 ad
1555 1605 1709 1636 rationem
1733 1605 1844 1643 debiti;
1862 1607 1924 1638 alio
1945 1608 2055 1644 modo,
2072 1615 2108 1639 ut
2122 1616 2196 1639 sunt
2211 1609 2550 1653 communescircum4·

1492 1650 1622 1680 stantiae
1645 1657 1732 1680 actus
1754 1650 1896 1681 virtuosi.
1921 1651 2016 1682 Verbi
2039 1652 2146 1692 gratia,
2170 1653 2299 1694 reddere,
2323 1659 2440 1687 mutuo
2463 1663 2550 1687 acce.-

1492 1699 1584 1733 ptum
1607 1693 1657 1724 die
1681 1700 1809 1730 statuto,
1825 1702 1944 1735 spectat
1967 1696 2007 1725 ad
2029 1695 2184 1733 rationem
2208 1695 2319 1728 debiti:
2344 1696 2472 1728 reddere
2492 1693 2552 1735 ,au—

1492 1744 1556 1768 tem
1585 1735 1640 1767 illo
1672 1738 1721 1768 die
1748 1738 1827 1768 hora
1857 1738 2070 1778 incompacta,
2102 1747 2179 1780 puta
2206 1750 2270 1781 qua
2300 1739 2398 1778 sumit
2425 1741 2549 1782 cibu11i;.

1491 1781 1696 1821 impertinens
1713 1788 1759 1812 est
1776 1782 1927 1819 iustitiae;
1949 1793 2014 1813 non
2035 1783 2120 1814 enim
2135 1783 2254 1822 iniusti,
2271 1784 2326 1821 sed
2340 1781 2549 1826 imprudentis
2600 1812 2618 1825 -,
2646 1813 2657 1825 Π
2675 1823 2678 1827 ,
2791 1810 2795 1814 -

1493 1831 1539 1855 est
1561 1826 1637 1856 haec
1661 1826 1781 1857 electio.
1806 1826 1847 1857 Et
1869 1834 2035 1868 propterea
2058 1828 2090 1858 in
2113 1828 2215 1860 littera
2237 1824 2548 1875 dicitur'quodgme'-
2655 1836 2674 1852 -”·
2711 1836 2733 1853 ·’
2748 1845 2751 1847 ·
2768 1850 2797 1879 -s

1493 1869 1581 1900 dium
1605 1870 1734 1900 rationis
1757 1870 1790 1900 in
1812 1870 1930 1901 iustitia
1952 1878 1999 1902 est
2022 1872 2165 1905 medium
2187 1872 2241 1904 rei.

1547 1914 1587 1944 Et
1601 1924 1638 1944 ex
1655 1913 1717 1945 hoc
1733 1914 1879 1954 provenit
1893 1915 1983 1955 quod
1998 1916 2144 1953 extrema,
2160 1916 2277 1949 scilicet
2296 1903 2369 1963 plus
2382 1907 2416 1964 vet
2430 1928 2556 1969 plinus,

1491 1957 1523 1987 in
1539 1957 1656 1988 iustitia
1671 1968 1738 1996 non
1761 1965 1932 1990 sumuntur
1946 1960 2124 1991 secundum
2140 1956 2383 2007 affirmaffiomssm
2401 1962 2549 2007 niffen-ac

1491 2008 1520 2032 et
1537 2001 1738 2043 negationem
1753 2002 1982 2040 conditionum,
1996 2011 2027 2036 et
2042 2014 2058 2034 e
2071 2004 2189 2041 contra,
2202 2004 2282 2037 utin
2296 2004 2363 2037 aliis
2374 2001 2550 2044 moralibus

1490 2041 1657 2076 virtutibus
1663 2055 1670 2083 ;
1687 2046 1742 2076 sed
1758 2047 1934 2077 secundum
1946 2048 2018 2088 plus
2034 2047 2090 2078 uni
2106 2055 2136 2079 et
2154 2049 2260 2080 minus
2275 2049 2375 2080 alteri.⁴
2385 2067 2407 2073 -
2418 2049 2460 2081 Et
2471 2045 2556 2083 hin'c'·

1490 2089 1585 2120 etia'm
1608 2090 1754 2130 provenit
1775 2092 1864 2131 quod
1887 2091 2004 2123 iustitia
2024 2102 2090 2122 non
2110 2099 2156 2123 est
2174 2094 2278 2124 media
2293 2093 2374 2125 inter
2387 2095 2467 2125 duas
2482 2105 2548 2126 ma-

1488 2134 1578 2170 litias,
1604 2134 1684 2165 sicut
1707 2135 1784 2165 aliae
1806 2135 1936 2166 virtutes
1959 2136 2104 2173 morales,
2121 2147 2203 2177 quae
2218 2138 2358 2169 mediant
2370 2138 2452 2170 inter
2466 2138 2548 2170 affir-

1489 2178 1664 2211 mationem
1687 2179 1834 2210 materiae
1855 2186 1885 2210 et
1907 2180 2109 2220 negationem
2132 2181 2354 2213 conditionum
2380 2190 2417 2213 ut
2438 2193 2547 2224 super-

1489 2221 1607 2259 fluum,
1641 2231 1671 2254 et
1694 2222 1895 2263 negationem
1924 2225 2071 2255 materiae
2103 2231 2133 2256 et
2156 2224 2324 2257 affirmatas
2351 2226 2548 2258 conditiones

2579 1303 2590 1314 ⁸
2605 1309 2652 1325 non
2661 1303 2762 1332 {mptum
2773 1304 2794 1326 t>

2617 1329 2653 1352 ed.
2667 1335 2723 1359 ¹5¹4-

2580 1333 2603 1352 et

1489 2274 1524 2298 ut
1540 2266 1745 2299 diminutum.
1761 2268 1844 2298 Nam
1860 2267 1885 2298 si
1899 2268 2043 2300 medium
2055 2269 2185 2301 rationis
2197 2276 2228 2301 et
2239 2277 2376 2301 extrema
2387 2271 2419 2301 in
2431 2270 2548 2303 iustitia
2582 2284 2585 2285 ⁷

1489 2319 1687 2342 sumerentur
1710 2312 1885 2342 secundum
1909 2313 2116 2350 conditiones,
2133 2321 2168 2344 ut
2183 2313 2216 2343 in
2236 2314 2312 2351 aliis,
2331 2321 2362 2345 et
2376 2325 2442 2346 non
2459 2325 2547 2355 prae-

1488 2354 1550 2385 cise
1572 2361 1608 2385 ut
1630 2355 1808 2386 redundant
1830 2355 1862 2385 in
1886 2356 2028 2386 medium
2044 2357 2105 2393 rei;
2130 2357 2325 2397 contingeret
2339 2358 2479 2399 accipere
2495 2370 2546 2390 ex-

1487 2405 1587 2429 trema
1601 2399 1686 2434 vitia,
1699 2406 1735 2429 ut
1749 2399 1782 2429 in
1797 2399 1874 2429 aliis.
1886 2417 1907 2438 ·.·
1924 2400 1964 2430 Et
1978 2400 2056 2431 haec
2071 2401 2134 2432 sint
2148 2401 2200 2432 hic
2216 2402 2297 2432 dicta
2311 2412 2370 2442 pro
2386 2403 2546 2435 intellectu

1488 2442 1584 2474 medii
1608 2450 1639 2473 et
1661 2449 1873 2475 extremorum
1896 2443 1929 2474 in
1951 2444 2129 2482 virtutibus,
2153 2455 2213 2486 pro
2235 2445 2435 2479 ,clarificanda
2454 2447 2546 2483 njovi-

1487 2494 1605 2522 tiorum
1628 2494 1745 2519 mente.
2014 2528 2016 2530 K
2424 2527 2426 2530 v
2447 2527 2451 2530 .

1542 2530 1595 2562 111.
1620 2531 1654 2561 In
1679 2531 1793 2561 eodem
1822 2531 1962 2562 secundo
1994 2531 2125 2564 articulo
2146 2532 2292 2564 eiusdem
2322 2517 2547 2575 sexagesima&

1487 2581 1615 2616 quartae
1644 2575 1853 2615 quaestionis,
1883 2575 2107 2606 declarandum
2137 2576 2272 2608 occurrit
2302 2576 2431 2611 novitiis
2452 2575 2547 2619 φιριί

1487 2618 1588 2659 prima
1611 2618 1690 2649 ratio
1713 2628 1772 2658 pro
1796 2625 1884 2650 tanto
1909 2618 2022 2650 dicitur
2044 2620 2077 2650 in
2098 2619 2201 2651 littera
2224 2620 2317 2661 quod
2341 2620 2551 2662 procedit-'de'

1486 2662 1594 2693 medio
1627 2663 1757 2693 rationis
1771 2663 1972 2700 subiective,
1997 2664 2073 2704 quia
2100 2664 2262 2696 concludit
2291 2665 2379 2706 quod
2402 2667 2547 2700 medium

1486 2706 1626 2743 rationis,
1650 2707 1726 2747 quia
1749 2707 1872 2739 bonum
1895 2714 1942 2738 est
1963 2708 2102 2745 rationis,
2127 2715 2174 2740 est
2195 2709 2229 2742 in
2252 2709 2328 2750 ipsis
2354 2710 2476 2743 actibus
2498 2718 2546 2742 rar
2583 2734 2587 2737 ψ
2609 2724 2611 2726 ’

1486 2750 1580 2781 tionis
1604 2758 1757 2791 tanquam
1779 2751 1812 2781 in
1836 2752 1928 2782 rebus
1947 2752 2038 2792 ipsis:
2058 2752 2140 2784 sicut
2158 2753 2453 2790 mediumrationis,
2472 2764 2550 2786 cau-⁷

1488 2795 1600 2830 saliter,
1626 2795 1715 2835 quod
1738 2795 1854 2826 scilicet
1869 2806 1887 2825 a
1903 2795 2023 2827 ratione
2039 2795 2228 2837 impositum
2247 2803 2293 2829 est
2309 2798 2545 2838 operationibus

1489 2846 1519 2871 et
1538 2839 1747 2879 passionibus.
1764 2847 1810 2870 est
1826 2839 1858 2869 in
1875 2840 2074 2880 passionibus
2091 2847 2121 2872 et
2143 2841 2380 2882 operationibus
2393 2849 2553 2884 tanquam,

1487 2883 1519 2913 in
1544 2883 1635 2913 rebus
1660 2883 1746 2923 ipsis.

1179 3035 1493 3077 ARTICULUS
1522 3036 1749 3078 TERTIUS

663 3129 846 3160 UTRUM
879 3129 1140 3160 vmruras
1172 3128 1631 3160 INTELLECTUALES
1665 3129 1986 3162 cousisrANT
2018 3131 2066 3162 IN
2099 3131 2261 3163 MEDlo

794 3208 824 3232 111
845 3208 926 3237 Sent„
948 3208 1006 3232 dist.
1019 3215 1102 3237 xxxin,
1123 3216 1167 3240 qu.
1183 3216 1199 3236 ι,
1220 3212 1264 3232 art.
1282 3207 1304 3238 3,
1325 3209 1371 3240 qu·
1389 3207 1415 3238 3;
1437 3208 1478 3232 De
1495 3208 1599 3238 Virtut„
1621 3216 1663 3241 qu.
1678 3216 1695 3239 1,
1716 3213 1762 3234 art.
1781 3208 1823 3240 133
1843 3217 1886 3242 qu.
1899 3217 1933 3239 w,
1953 3214 1999 3235 art.
2019 3217 2040 3241 1,
2059 3210 2093 3235 ad
2107 3218 2131 3243 7.

377 3498 483 3544 gulae
512 3497 675 3535 rationis.
702 3498 778 3534 Sed
805 3497 962 3534 virtutes
982 3497 1249 3535 intellectuales
1278 3506 1364 3535 sunt
1389 3498 1429 3535 in

378 3550 458 3598 ipsa
478 3550 638 3596 ratione3
661 3558 696 3587 et
725 3550 777 3587 sic
805 3562 883 3587 non
906 3549 1083 3587 videntur
1101 3551 1242 3587 habere
1261 3550 1429 3599 superio-

1485 3300 1566 3325 rem
1582 3289 1762 3336 regulam.
1777 3289 1880 3336 Ergo
1898 3288 2056 3326 virtutes
2075 3289 2343 3327 intellectuales
2357 3302 2436 3328 non
2448 3302 2544 3328 con·

1484 3341 1619 3378 sistunt
1637 3341 1676 3378 in
1694 3341 1837 3378 medio.
1859 3371 1861 3373 .
2126 3367 2128 3369 -
2233 3372 2239 3376 .

1539 3405 1574 3431 2.
1603 3395 1837 3440 Pium-Eam,
1859 3393 2032 3431 medium
2060 3395 2208 3432 virtutis
2235 3394 2390 3433 moralis
2418 3395 2542 3432 deter-

1484 3446 1648 3483 minatur
1684 3459 1706 3483 a
1742 3446 1879 3483 virtute
1907 3446 2169 3485 intellectuali:
2199 3447 2333 3485 dicitur
2360 3447 2463 3485 enim
2501 3448 2541 3486 in

1485 3500 1517 3535 11
1541 3500 1662 3536 Ethic.
1682 3499 1714 3547 ²⁸,
1735 3499 1840 3548 quod
1867 3499 1984 3536 virtus
2006 3501 2170 3537 consistit
2195 3501 2233 3537 in
2261 3500 2454 3537 medietate
2480 3501 2540 3538 de·
2567 3512 2579 3523 ⁸

1484 3553 1682 3589 terminata
1711 3553 1866 3598 ratione,
1890 3558 2007 3600 prout
2031 3553 2179 3601 sapiens
2206 3553 2473 3591 determinabit.
2501 3554 2540 3590 Si
