2846 4146
1001 228 1266 275 QUAESTIO
1297 227 1436 274 LXVI,
1465 226 1761 263 ARTICULUS
1789 226 1824 262 V

330 318 412 346 tum
442 308 540 345 circa
567 319 612 343 ea
639 318 737 355 quae
766 306 985 343 immediate
1014 307 1233 344 ordinantur
1255 306 1303 343 ad
1329 306 1384 343 vi-

191 361 206 397 β
331 369 427 407 tam,
458 361 522 397 vel
549 359 587 396 in
621 359 760 395 eodem
793 360 1005 396 secundum
1034 371 1237 396 numerum
1263 357 1293 405 β,
1321 359 1383 396 vel

330 413 369 451 in
398 414 535 450 eodem
564 411 774 448 secundum
803 412 981 460 speciem,
1011 412 1150 448 scilicet
1176 412 1214 448 in
1235 411 1324 448 cibis
1350 418 1386 447 et

331 465 516 503 venereis.
537 484 559 492 -
581 465 630 500 Et
657 464 710 500 sic
738 463 829 500 istae
857 472 931 501 tres
958 465 1130 511 virtutes,
1161 464 1269 500 simul
1298 475 1385 500 curn

332 518 547 567 prudentia,
578 516 752 553 dicuntur
771 529 852 553 esse
872 517 1096 566 principales
1126 517 1239 553 etiam
1268 515 1385 564 digni-

333 578 422 607 tate.

386 622 606 659 Secundum
624 621 715 669 quid
734 629 861 658 autem
882 622 1014 658 dicitur
1032 621 1156 669 aliqua
1170 621 1288 658 virtus
1303 633 1385 657 esse

332 675 470 721 maior,
499 674 710 711 secundum
746 675 851 722 quod
884 674 1156 711 adminiculum
1187 675 1249 710 vel
1277 686 1386 710 orna-

332 735 504 764 mentum
519 727 676 775 praebet
690 727 884 776 principali
899 727 1036 764 virtuti.
1058 727 1162 763 Sicut
1181 726 1388 763 substantia

333 787 389 817 est
415 779 632 827 simpliciter
660 779 808 827 dignior
836 780 1049 825 accidente;
1078 779 1232 827 aliquod
1259 786 1388 815 tamen

331 831 504 869 accidens
525 840 580 869 est
598 834 807 869 secundum
828 833 919 880 quid
940 833 1086 880 dignius
1101 831 1318 878 substantia,
1334 831 1388 867 in-

331 891 517 934 quantum
544 885 692 934 perficit
718 885 966 922 substantiam
994 886 1032 921 in
1061 885 1187 933 aliquo
1217 896 1299 920 esse
1328 896 1387 920 ac-

333 936 517 974 cidentali.

384 991 443 1026 An
467 1001 604 1027 PR1MUM
631 1002 729 1027 ERGO
753 1002 936 1027 meantum
965 990 1070 1038 quod
1098 997 1202 1026 actus
1229 988 1387 1025 liberali-

332 1041 415 1078 tatis
443 1050 592 1090 oportet
612 1043 717 1090 quod
736 1043 914 1079 fundetur
933 1055 1046 1090 super
1065 1049 1191 1078 actum
1212 1041 1387 1077 iustitiae:

332 1106 406 1131 non
436 1095 544 1132 enimv
565 1101 659 1132 esset
682 1095 844 1132 liberalis
870 1096 985 1140 datio,
1013 1095 1047 1131 si
1065 1107 1139 1131 non
1159 1095 1204 1131 de
1229 1094 1387 1142 proprio

93 1148 306 1198 'S’ssgjfgssx-,zf
331 1147 448 1193 daret,
464 1155 506 1188 ut
524 1148 563 1185 in
583 1150 614 1184 II
634 1148 740 1185 Polit.
752 1148 772 1170 ’¹‘
795 1148 937 1185 dicitur.
960 1147 1070 1185 Unde
1090 1146 1289 1184 liberalitas
1308 1146 1388 1182 sine

330 1199 467 1237 iustitia
486 1212 567 1237 esse
587 1213 665 1238 non
684 1208 823 1249 posset,
840 1202 938 1248 quae
958 1200 1118 1236 secernit
1136 1211 1249 1236 suum
1269 1211 1291 1235 a
1310 1211 1388 1235 non

332 1265 415 1289 suo.
450 1253 592 1290 lustitia
624 1261 752 1290 autem
784 1259 908 1302 potest
936 1265 1017 1289 esse
1051 1252 1131 1289 sine
1158 1251 1386 1288 liberalitate.

332 1305 444 1342 Unde
475 1305 611 1342 iustitia
647 1305 865 1353 simpliciter
897 1313 952 1342 est
987 1305 1110 1342 maior
1145 1304 1386 1350 liberalitate,

330 1365 513 1406 tanquam
551 1358 809 1403 communior,
849 1366 886 1394 et
922 1358 1214 1394 fundamentum
1246 1356 1385 1404 ipsius:

330 1410 529 1453 liberalitas
555 1417 683 1446 autem
703 1417 758 1446 est
785 1409 996 1446 secundum
1016 1409 1108 1456 quid
1133 1408 1267 1453 maior,
1298 1421 1385 1445 cum

2416 226 2491 271 435

1441 305 1487 342 sit
1520 304 1676 352 quidam
1710 312 1863 341 ornatus
1900 304 2077 350 iustitiae,
2118 311 2153 339 et
2188 304 2494 352 supplementum

1441 358 1532 394 eius.
2125 371 2128 373 ·

1491 412 1551 446 An
1580 421 1768 446 SECUNDUM
1796 420 1980 445 DICENDUM
2013 408 2117 455 quod
2149 408 2326 456 patientia
2363 407 2496 444 dicitur

1439 463 1580 499 habere
1608 474 1701 510 opus
1722 462 1931 510 perfectum
1950 460 1987 496 in
2006 460 2203 497 tolerantia
2223 461 2428 496 malorum:
2458 459 2495 496 in

1440 515 1578 564 quibus
1605 527 1683 551 non
1711 507 1842 551 solum'
1869 513 2031 550 excludit
2063 512 2238 549 iniustam
2266 512 2494 559 vindictam,

1441 580 1558 615 quam
1577 567 1690 604 etiam
1711 566 1872 604 excludit
1890 566 2042 611 iustitia3
2064 577 2186 613 neque
2207 566 2330 601 solum
2351 565 2495 611 odium,

1441 621 1544 669 quod
1572 620 1658 656 facit
1685 620 1834 664 caritas;
1863 631 1987 667 neque
2017 619 2139 655 solum
2160 618 2267 663 iram,
2288 617 2393 664 quod
2412 617 2497 653 facit

1441 673 1716 717 mansuetud03
1746 673 1814 709 sed
1841 672 1954 708 etiam
1977 670 2138 708 excludit
2155 669 2339 707 tristitiam
2360 669 2497 706 inordi-

1441 733 1581 772 natam,
1611 722 1710 773 quae
1738 732 1794 761 est
1820 724 1925 761 radix
1944 724 2118 760 omnium
2138 723 2428 772 praedictorum.
2450 723 2498 758 Et

1441 778 1528 814 ideo
1557 778 1595 814 in
1622 779 1696 814 hoc
1725 785 1780 814 est
1806 777 2006 825 perfectior
2033 785 2069 813 et
2093 776 2225 822 maior,
2246 775 2351 824 quod
2369 775 2407 811 in
2426 775 2499 810 hac

1442 830 1599 867 materia
1627 830 1784 878 extirpat
1812 829 1989 866 radicem.
2012 850 2036 856 -
2056 830 2148 865 Non
2176 836 2303 865 autem
2327 835 2382 864 est
2409 827 2498 863 sim-

1441 883 1586 931 pliciter
1611 882 1812 930 perfectior
1843 882 2021 919 omnibus
2049 882 2128 918 aliis
2155 881 2367 918 virtutibus.
2398 879 2499 926 Quia

1442 935 1620 972 fortitudo
1658 947 1737 971 non
1774 936 1898 972 solum
1935 934 2092 971 sustinet
2128 934 2320 971 molestias
2352 933 2498 980 absque

1441 987 1735 1037 perturbatione,
1764 987 1870 1036 quod
1899 995 1953 1024 est
1972 987 2193 1036 patientiae:
2223 986 2291 1023 sed
2311 985 2424 1022 etiarn
2443 985 2498 1022 in-

1442 1041 1535 1089 gerit
1553 1053 1594 1077 se
1615 1040 1678 1087 eis,
1697 1052 1784 1076 curn
1805 1052 1902 1088 opus
1921 1040 2040 1076 fuerit.
2061 1039 2172 1077 Unde
2193 1039 2422 1088 quicumque
2443 1045 2499 1074 est

1442 1094 1557 1139 fortis,
1578 1100 1633 1130 est
1651 1093 1809 1141 patiens,
1829 1093 1897 1130 sed
1916 1105 1994 1129 non
2014 1092 2261 1129 convertitur:
2292 1099 2347 1128 est
2366 1090 2468 1127 enirn
2482 1095 2498 1118 's

1442 1146 1622 1195 patientia
1650 1145 1840 1194 quaedam
1869 1145 2093 1182 fortitudinis
2121 1157 2218 1194 pars.

1495 1201 1553 1235 An
1581 1210 1740 1235 TERTIUM
1767 1210 1951 1235 DICENDUM
1975 1198 2079 1246 quod
2112 1196 2400 1245 magnanimitas
2421 1209 2498 1233 non

1442 1258 1566 1300 potest
1594 1263 1676 1287 esse
1705 1250 1775 1287 nisi
1807 1251 1888 1287 aliis
1914 1251 2113 1287 virtutibus
2147 1250 2497 1298 praeexistentibus,

1442 1311 1483 1340 ut
1503 1304 1635 1340 dicitur
1649 1303 1687 1339 in
1703 1304 1754 1340 IV
1768 1304 1888 1340 Ethic.
1904 1303 1924 1325 ‘¹‘
1943 1303 2054 1340 Unde
2075 1310 2314 1351 comparatur
2342 1302 2390 1339 ad
2410 1302 2500 1339 alias

1441 1356 1536 1392 sicut
1564 1364 1719 1392 ornatus
1748 1368 1891 1392 earum.
1922 1357 1970 1393 Et
1997 1356 2050 1392 sic
2082 1356 2292 1392 secundum
2325 1355 2417 1403 quid
2446 1362 2501 1391 est

1442 1408 1565 1444 maior
1593 1408 1770 1444 omnibus
1799 1408 1899 1444 aliis:
1929 1421 2007 1445 non
2035 1416 2163 1445 tamen
2192 1408 2419 1456 simpliciter.

382 1537 407 1571 β)
427 1523 575 1565 κώνων-κω.
595 1553 615 1558 -
632 1546 722 1563 verum
742 1539 915 1571 ADGLpBl—i,
935 1538 1101 1563 individuum
1126 1539 1198 1568 Esss,
1222 1541 1347 1562 naturam
1368 1538 1390 1568 1;

329 1581 466 1599 numerum
479 1593 486 1599 .
497 1592 503 1598 .
515 1593 522 1600 .
541 1575 683 1599 secundum
703 1582 756 1598 om.
769 1574 799 1600 F.

1497 1538 1524 1571 γ)
1544 1538 1622 1562 enim.
1641 1552 1659 1557 -—
1677 1542 1765 1562 autem
1786 1538 1834 1563 Pa.

949 1676 953 1678 .
1002 1650 1334 1682 Commentaria
1357 1649 1608 1683 Cardinalis
1630 1649 1832 1683 Caietam

331 1740 379 1803 In
401 1730 533 1761 articulo
557 1736 670 1770 quarto
691 1730 832 1760 eiusdem
852 1730 1164 1770 sexagesimaesextae
1183 1729 1387 1770 quaestionis,

358 1774 492 1804 dubium
516 1773 710 1804 novitiorum
734 1773 884 1810 occurrit,
908 1775 1074 1814 quomodo
1098 1773 1276 1804 fortitudini
1301 1783 1388 1813 prae-

1441 1730 1503 1760 hoc
1526 1730 1626 1760 debet.
1650 1729 1716 1760 Nec
1739 1729 1920 1759 inconvenit
1943 1729 2080 1759 eundem
2103 1736 2207 1760 actum
2232 1736 2370 1770 spectare
2393 1730 2431 1760 ad
2455 1730 2502 1761 iu-

1442 1774 1558 1804 stitiam
1581 1781 1612 1804 et
1635 1773 1854 1804 fortitudinem
1878 1773 2097 1804 diversimode.
2123 1774 2174 1810 Ut,
2191 1773 2223 1803 in
2243 1774 2420 1814 proposito,
2445 1785 2502 1814 po-

327 1818 445 1849 feratur
470 1817 598 1848 iustitia.
628 1818 712 1855 Quia
735 1818 888 1848 fortitudo
918 1817 1066 1848 rectificat
1092 1818 1172 1849 circa
1199 1825 1335 1848 mortem
1359 1825 1389 1848 et
1442 1827 1515 1848 nere
1537 1817 1649 1854 vitam,
1674 1817 1865 1858 inquantum
1887 1817 1981 1848 habet
2008 1817 2164 1848 rationem
2187 1818 2296 1854 debiti,
2322 1825 2440 1858 spectat
2463 1819 2503 1848 ad

326 1862 440 1898 vitam,
463 1861 582 1892 iustitia
605 1869 712 1892 autem
736 1862 815 1892 circa
843 1862 1042 1901 operationes
1065 1862 1105 1892 ad
1128 1862 1276 1892 alterum:
1301 1862 1389 1892 nulla

327 1915 466 1947 namque
489 1906 631 1947 operatio
655 1912 702 1936 est
719 1906 821 1936 maior
840 1906 907 1946 ipsa
922 1906 998 1942 vita;
1019 1906 1074 1936 sed
1086 1906 1204 1946 pellem
1215 1915 1278 1946 pro
1287 1906 1385 1946 pelle,

86 1955 188 1979 ⁸1⁰⁶&
199 1961 226 1983 ιι,
237 1961 299 1978 ver·-
328 1955 358 1981 et
381 1955 494 1981 cuncta
517 1959 600 1990 quae
621 1950 724 1987 habet,
749 1950 835 1980 dabit
857 1949 950 1980 homo'
968 1960 1032 1990 pro
1055 1951 1163 1980 anima
1186 1959 1246 1980 sua
1264 1949 1290 1979 *.

86 1988 111 2010 ⁴⁶
383 1994 444 2025 Sed
467 1994 528 2024 hoc
552 1993 642 2024 facile
666 1994 799 2024 solvitur
822 2004 859 2024 ex
878 2004 916 2024 eo
931 1995 1019 2035 quod
1043 1994 1168 2030 iustitia,
1186 1993 1386 2024 rectificando

327 2037 472 2068 animum
494 2037 528 2068 in
551 2038 701 2068 omnibus
725 2038 962 2078 operationibus
986 2048 1067 2079 quae
1091 2045 1165 2068 sunt
1188 2038 1226 2068 ad
1243 2038 1386 2074 alterum,

327 2081 475 2113 rectificat
498 2081 594 2112 etiam
615 2088 757 2122 respectu
781 2082 862 2113 vitae
886 2089 916 2113 et
931 2082 1052 2113 mortis.
1068 2082 1119 2112 Ad
1134 2082 1286 2114 iustitiam
1302 2082 1387 2112 enim

327 2132 447 2166 spectat
472 2136 590 2166 ponere
613 2126 711 2156 vitam
734 2135 792 2166 pro
816 2126 930 2162 altero,
955 2133 1033 2166 puta
1056 2136 1115 2166 pro
1138 2126 1312 2166 republica,
1337 2125 1387 2156 cui

1440 1861 1601 1898 iustitiam,
1626 1871 1707 1902 quae
1731 1861 1812 1891 sicut
1835 1861 1888 1891 dat
1910 1861 1970 1891 alia
1992 1862 2076 1892 bona
2096 1862 2208 1898 debita,
2225 1862 2268 1892 ita
2283 1868 2313 1892 et
2326 1861 2436 1892 vitam:
2453 1862 2500 1892 in-

1442 1912 1598 1946 quantum
1620 1915 1696 1936 vero
1719 1905 1813 1935 habet
1836 1905 1991 1935 rationem
2013 1905 2166 1942 terribilis,
2190 1912 2308 1946 spectat
2323 1906 2363 1936 ad
2378 1906 2502 1937 fortitu-

1442 1950 1558 1986 dinem,
1584 1949 1673 1980 cuius
1698 1956 1743 1980 est
1764 1948 1888 1979 firmare
1911 1949 2055 1979 animum
2078 1960 2118 1980 ne
2140 1950 2249 1980 timeat
2271 1949 2342 1986 hoc,
2367 1951 2422 1980 sed
2445 1960 2500 1980 au-

1442 1994 1522 2030 deat,
1539 2000 1596 2024 etc.
1624 1993 1744 2024 Iustitia
1769 2000 1857 2024 tanto
1886 2000 1932 2023 est
1962 1993 2116 2030 nobilior,
2139 2001 2259 2034 quanto
2285 1994 2500 2030 universalior,

1441 2037 1521 2068 circa
1544 2037 1655 2067 altiora
1678 2037 1795 2068 scilicet
1818 2044 1848 2067 et
1875 2037 1966 2077 plura
1993 2037 2165 2068 rectificans
2195 2038 2228 2068 in
2251 2038 2300 2068 his
2323 2048 2405 2078 quae
2429 2045 2502 2069 sunt

1441 2082 1480 2111 ad
1497 2081 1639 2112 alterum.

1492 2222 1543 2229 Μ

1064 2279 1066 2281 ’
1102 2297 1417 2338 ARTICULUS
1448 2296 1703 2348 QUINTUS

667 2388 822 2419 UTRUM
842 2388 1066 2419 SAPIENTIA
1089 2388 1156 2419 SIT
1179 2386 1352 2418 MAXIMA
1377 2388 1508 2418 INTER
1531 2387 1747 2418 VIRTUTES
1772 2387 2157 2419 INTELLECTUALES

1053 2474 1143 2506 Supra,
1163 2482 1207 2506 qu.
1220 2481 1284 2503 Lvu,
1303 2479 1350 2498 art.
1371 2481 1394 2503 2,
1413 2474 1445 2498 ad
1460 2481 1488 2503 2;
1508 2473 1542 2497 VI
1562 2473 1658 2502 Ethic„
1677 2474 1735 2498 lect.
1754 2481 1788 2498 v1.

451 2582 518 2621 ...qs
540 2574 562 2598 D
587 2573 747 2604 QumTUM
768 2573 821 2598 sm
845 2572 1083 2598 PROCEDlTUR.
1103 2561 1262 2597 Videtur
1280 2561 1385 2609 quod

382 2610 405 2631 '¹
461 2602 513 2672 ’ᾗέ
541 2614 722 2663 sapientia
749 2626 827 2650 non
856 2614 901 2650 sit
929 2613 1094 2650 maxima
1117 2613 1212 2650 inter
1230 2613 1385 2650 virtutes

354 2704 371 2717 ,Α
406 2712 423 2720 .‚
446 2710 456 2719 .
490 2662 819 2704 intellectuales.
849 2668 1042 2716 Imperans
1067 2666 1167 2703 enim
1187 2666 1311 2703 maius
1331 2673 1387 2703 est

390 2734 398 2743 =
502 2709 587 2756 eo
616 2720 675 2756 cui
703 2719 920 2768 imperatur.
951 2719 1027 2756 Sed
1054 2719 1255 2767 prudentia
1281 2719 1385 2756 vide-

91 2781 301 2832 ·sqargdsgegugv
328 2781 389 2810 tur
415 2773 601 2821 imperare
630 2772 855 2821 sapientiae:
885 2772 1019 2810 dicitur
1047 2772 1147 2810 enim
1176 2773 1328 2809 IEthic.
1348 2771 1383 2819 ²¹³,

110 2825 116 2831 '
166 2823 204 2861 ἀ
233 2823 239 2830 ’
273 2823 279 2829 ’
329 2826 434 2874 quod
461 2825 589 2874 quases
618 2831 635 2847 α
661 2825 942 2874 disciplinarum
970 2825 1130 2862 debitum
1163 2831 1216 2861 est
1242 2837 1320 2862 esse
1346 2826 1384 2862 in

0 2903 4 2927 ÷
242 2905 250 2910 -
328 2878 550 2924 civitatibus,
579 2885 616 2915 et
640 2878 768 2926 quales
796 2889 1097 2926 unumquemque
1123 2878 1328 2924 addiscere,
1353 2884 1389 2915 et

330 2943 531 2979 usquequO,
551 2932 644 2968 haec
666 2932 923 2979 praeordinat,
953 2930 1092 2967 scilicet
1106 2930 1265 2979 politica,
1287 2943 1385 2979 quae

91 2995 301 3045 :scafhleggtnv-d-
330 2984 378 3021 ad
406 2984 646 3032 prudentiam
674 2984 846 3033 pertinet,
866 2991 908 3020 ut
937 2983 1070 3020 dicitur
1097 2983 1134 3020 in
1157 2984 1207 3019 VI
1227 2984 1346 3020 Ethic.
1366 2983 1386 3005 ’¹‘

130 3038 136 3044 '
184 3037 191 3044 ‘
245 3037 252 3044 ⁰
295 3036 301 3043 ‘
330 3037 429 3074 Cum
457 3036 568 3084 igitur
595 3037 690 3074 inter
719 3036 930 3085 disciplinas
959 3036 1071 3073 etiam
1096 3035 1278 3084 sapientia
1298 3049 1386 3073 con-

328 3090 499 3136 tineatur,
527 3090 678 3127 videtur
705 3089 810 3137 quod
834 3089 1032 3138 prudentia
1053 3089 1098 3125 sit
1125 3088 1247 3125 maior
1269 3101 1386 3136 quam

330 3142 523 3191 sapientia.

385 3207 418 3232 2.
441 3196 672 3243 PRAETEREA,
702 3195 749 3232 de
778 3194 921 3231 ratione
949 3193 1095 3231 virtutis
1125 3201 1180 3230 est
1205 3195 1308 3243 quod
1327 3206 1386 3230 or-

330 3248 431 3286 dinet
449 3248 647 3285 hominem
667 3248 715 3285 ad
736 3247 964 3284 felicitatem:
986 3255 1041 3283 est
1061 3247 1160 3283 enim
1180 3246 1296 3283 virtus
1315 3247 1386 3283 dis-

325 3302 458 3350 positio
472 3302 634 3349 perfecti
650 3302 701 3338 ad
718 3301 909 3349 optimum,
930 3308 971 3337 ut
990 3300 1122 3337 dicitur
1141 3300 1179 3336 in
1198 3300 1266 3336 V11
1286 3301 1385 3348 Phy-

57 3398 60 3401 ,
94 3365 302 3394 ·Tm.17.-s.·n=.
329 3354 393 3391 sic.
413 3354 434 3375 ’Β
453 3355 529 3391 Sed
550 3354 748 3402 prudentia
768 3361 824 3390 est
842 3362 943 3390 recta
972 3352 1065 3389 ratio
1094 3352 1299 3400 agibilium,
1319 3365 1388 3401 per

94 3393 185 3415 ¹²⁶¹*
330 3419 427 3455 quae
459 3408 578 3444 homo
612 3408 660 3444 ad
693 3406 905 3443 felicitatem
938 3405 1175 3455 perducitur:
1205 3405 1387 3453 sapientia

1442 2568 1570 2597 autem
1598 2573 1678 2597 non
1706 2561 1920 2598 considerat
1946 2556 2137 2598 humarios
2158 2570 2274 2609 actus,
2295 2563 2433 2611 quibus
2453 2565 2502 2601 ad

1441 2613 1710 2650 beatitudinem
1726 2614 1956 2662 pervenitur.
1973 2615 2074 2662 Ergo
2090 2616 2290 2663 prudentia
2306 2624 2361 2653 est
2380 2617 2503 2654 maior

1440 2666 1558 2703 virtus
1587 2679 1703 2715 quam
1731 2667 1925 2715 sapientia.

1497 2721 1530 2756 3.
1560 2720 1798 2766 PRAETEREA,
1829 2728 1971 2768 quanto
2006 2720 2168 2768 cognitio
2189 2729 2258 2765 ‚est
2283 2722 2500 2770 perfectior,

1440 2779 1544 2808 tanto
1573 2772 1724 2809 videtur
1743 2785 1825 2810 esse
1844 2772 1977 2810 maior.
1999 2774 2075 2810 Sed
2094 2774 2355 2822 perfectiorem
2376 2775 2502 2823 cogni-

1441 2825 1584 2878 tion'ern
1613 2825 1755 2862 habere
1783 2838 1988 2874 possumus
2017 2827 2064 2863 de
2093 2827 2205 2863 rebus
2232 2828 2423 2875 humanis,
2454 2830 2501 2865 de

1441 2878 1578 2927 quibus
1598 2885 1654 2914 est
1672 2878 1837 2925 scientia,
1858 2890 1974 2927 quam
1994 2879 2041 2916 de
2061 2880 2174 2916 rebus
2195 2880 2342 2927 divinis,
2359 2881 2406 2917 de
2421 2881 2502 2929 qui—

1441 2931 1512 2967 bus
1542 2938 1597 2967 est
1626 2931 1817 2979 sapientia,
1847 2939 1888 2967 ut
1913 2932 2103 2979 distinguit
2122 2933 2353 2980 Augustinus
2372 2933 2411 2970 in
2430 2935 2499 2970 XII

1441 2983 1486 3019 de
1517 2985 1554 3019 T
1549 2984 1619 3020 rin.
1641 2985 1678 3020 ἐ
1704 2984 1792 3032 quia
1821 2984 1950 3021 divina
1977 2984 2372 3033 incomprehensibilia
2401 2994 2499 3034 sunt,

1443 3037 1654 3081 secundum
1682 3036 1773 3073 illud
1793 3037 1860 3073 Iob
1880 3049 1986 3073 xxxvi
2006 3037 2042 3074 *t
2067 3039 2166 3075 Ecce
2192 3040 2297 3075 Deus
2323 3051 2499 3089 magnus,

1440 3089 1592 3128 vincens
1610 3089 1802 3126 scientiam
1818 3095 1997 3127 nostram.
2014 3091 2116 3138 Ergo
2132 3091 2286 3128 scientia
2307 3100 2362 3129 est
2378 3093 2502 3129 maior

1441 3142 1560 3179 virtus
1589 3154 1706 3189 quarn
1736 3141 1929 3190 sapientia.

1493 3206 1530 3240 4.
1552 3195 1783 3241 PRAETEREA,
1806 3195 1968 3242 cognitio
1987 3195 2258 3244 principiorum
2280 3205 2334 3234 est
2355 3197 2501 3244 dignior

1442 3259 1558 3295 quam
1587 3247 1749 3295 cognitio
1779 3248 2079 3285 conclusionum.
2111 3250 2187 3286 Sed
2208 3250 2390 3298 sapientia
2410 3262 2500 3286 con-

1443 3299 1556 3336 cludit
1573 3311 1617 3336 ex
1631 3300 1821 3348 principiis
1835 3300 2242 3348 indemonstrabilibus,
2264 3315 2429 3350 quorum
2446 3311 2501 3339 est

1440 3353 1670 3398 intellectus;
1700 3353 1795 3390 sicut
1823 3361 1859 3390 et
1887 3353 1981 3390 aliae
2010 3355 2198 3391 scientiae.
2230 3356 2331 3403 Ergo
2357 3355 2498 3392 intelle-

1443 3413 1522 3441 ctus
1552 3413 1607 3442 est
1635 3405 1756 3443 maior
1782 3406 1900 3443 virtus
1929 3419 2044 3455 quam
2074 3407 2266 3456 sapientia.

385 3538 412 3573 α)
431 3540 529 3572 quales.
543 3554 560 3558 -
579 3540 665 3572 qualis
678 3539 788 3568 codices,
809 3540 885 3571 quale
898 3539 949 3568 Pa;
969 3547 1028 3563 mox
1048 3539 1132 3570 qualis
1146 3538 1201 3567 FE,
1221 3539 1297 3570 quale
1312 3538 1385 3563 Pa.—
1404 3538 1454 3562 Pro
1474 3545 1688 3570 unumquemque,
1709 3539 1911 3571 unumquodque
1930 3539 2101 3564 ΡΑΒΡΗῘΚα.

2528 1313 2538 1323 '
2546 1313 2603 1361 C-qpl
2612 1318 2647 1339 ιιι,
2655 1318 2678 1334 n.
2687 1312 2719 1334 16.
2728 1324 2739 1329 -

2528 1340 2553 1361 S.
2603 1355 2609 1361 .
2624 1339 2676 1361 lect.
2688 1344 2739 1360 vm.

2530 2999 2539 3009 '
2554 2998 2611 3026 Cap.
2626 3005 2676 3021 xiv.

2530 3057 2539 3066 ³
2554 3056 2622 3078 Vers.
2636 3054 2672 3077 26.
