2852 4152
348 219 423 265 276

1045 219 1310 266 QUAESTIO
1341 220 1460 267 XLII,
1490 219 1785 256 ARTICULUS
1815 221 1829 257 I

693 401 1102 478 QUAEsTm
1142 401 2171 479 QUADRAGESIMASECUNDA

1026 521 1067 559 D
1085 520 1122 559 E
1171 519 1494 559 OBIECTO
1540 519 1850 560 TIMORIS

1186 635 1220 659 IN
1249 634 1314 659 SEX
1342 634 1543 660 ARTICULOS
1571 634 1687 659 DIVISA

106 737 116 748 ⁶
127 736 162 758 Cf.
173 742 212 764 qu.
222 742 269 763 xm,
279 736 317 758 In-

106 766 141 784 tm
144 763 166 785 d.
346 740 533 822 DEthE
556 727 875 765 considerandum
895 734 950 763 est
970 727 1017 764 de
1039 726 1190 764 obiecto
1214 727 1360 764 timoris
1373 728 1404 764 ²².

427 782 476 818 Et
504 781 602 818 circa
629 781 703 817 hoc
732 786 967 828 quaeruntur
994 792 1070 817 sex.

397 834 548 872 Primo:
577 841 706 870 utrum
743 834 890 870 bonum
926 833 971 870 sit
1009 833 1201 870 obiectum
1239 833 1404 881 timoris,

449 888 511 923 vel
538 887 694 923 malum.

397 939 597 976 Secundo:
626 947 753 975 utrum
781 939 926 975 malum
955 945 1111 976 naturae
1140 939 1185 976 sit
1213 939 1404 976 obiectum

448 1000 605 1028 umoris.

1513 727 1664 764 Tertio:
1694 735 1821 765 utrum
1849 728 1962 766 timor
1989 729 2034 766 sit
2061 730 2108 767 de
2136 731 2239 768 malo
2269 731 2413 780 culpae.

1516 795 1683 841 Quarto:
1712 802 1840 831 utrum
1870 794 1950 843 ipse
1978 794 2093 833 timor
2119 796 2242 834 timeri
2269 797 2399 846 possit.

1515 861 1680 908 Quinto:
1708 868 1837 899 utrum
1867 860 2064 910 repentina
2091 862 2211 910 magis
2239 862 2452 901 timeantur.

1514 927 1650 963 Sexto:
1679 934 1807 964 utrum
1838 939 1882 963 ea
1911 934 2041 963 contra
2070 939 2168 974 quae
2206 939 2284 964 non
2312 936 2367 966 est
2399 941 2521 966 reme-

1567 991 1686 1040 dium,
1717 993 1836 1040 magis
1864 992 2078 1031 timeantur.

1153 1099 1470 1141 ARTICULUS
1502 1100 1707 1142 PRIMUS

846 1201 1001 1232 UTRUM
1024 1200 1250 1232 OBIECTUM
1273 1201 1450 1232 T1M0R1s
1475 1201 1542 1232 srr
1565 1201 1732 1239 BONUM,
1757 1202 1840 1233 VEL
1863 1203 2021 1233 MALUM

1227 1279 1258 1303 11·
1278 1279 1329 1310 11⁰,
1349 1287 1393 1312 qu.
1412 1288 1461 1309 xix,
1481 1284 1528 1304 art.
1551 1287 1571 1311 1,
1595 1287 1633 1304 11.

378 1402 387 1411 ,
543 1368 573 1405 ’1)
603 1380 739 1405 PRIMUM
767 1380 820 1405 sm
850 1379 1089 1405 PROCEDITUR.
1111 1367 1272 1405 Videtur
1297 1368 1401 1417 quod

370 1411 528 1482 55¹&ae
552 1422 698 1458 bonum
718 1421 764 1458 sit
783 1421 977 1459 obiectum
1002 1421 1159 1459 timoris.
1180 1421 1281 1459 Dicit
1301 1421 1402 1459 enim

356 1474 397 1524 's
415 1491 473 1525 νῇ
491 1464 803 1522 Augustinus,
841 1474 879 1511 in
915 1474 1010 1511 libro
1049 1474 1247 1524 Octoginta
1289 1475 1402 1511 trium

395 1542 408 1556 x
427 1505 484 1557 ’ᾧ
507 1519 541 1563 k
557 1528 704 1569 Quaest.
734 1527 765 1576 ²⁸,
787 1528 893 1576 quod
922 1527 1014 1564 nihil
1040 1528 1232 1574 timemus,
1259 1528 1332 1564 nisi
1358 1540 1404 1564 ne

340 1582 379 1618 id
396 1581 496 1630 quod
513 1592 698 1627 amamus,
719 1587 785 1618 aut
803 1582 977 1629 adeptum
997 1582 1223 1627 amittamus,
1243 1587 1311 1617 aut
1327 1593 1401 1617 non

341 1635 597 1682 adipiscamur
614 1640 816 1683 speratum.
839 1634 917 1671 Sed
943 1633 982 1670 id
1008 1634 1112 1682 quod
1142 1646 1317 1670 amamus
1347 1642 1403 1670 est

341 1688 500 1724 bonum.
518 1688 619 1734 Ergo
635 1688 750 1724 timor
764 1687 914 1736 respicit
927 1688 1075 1723 bonum
1096 1687 1191 1723 sicut
1203 1687 1402 1735 proprium

341 1740 546 1777 obiectum.

395 1805 429 1830 2.
447 1795 679 1841 PRAETEREA,
692 1793 945 1841 Philosophus
962 1792 1060 1839 dicit,
1072 1791 1109 1828 in
1127 1793 1157 1827 II
1169 1792 1357 1828 Rhetoric.
1370 1791 1401 1839 ²¹⁶,

198 1853 214 1869 α
341 1846 445 1894 quod
459 1852 634 1894 potestas,
656 1852 692 1882 et
707 1858 820 1894 super
837 1846 954 1882 alium
975 1845 1094 1893 ipsum
1117 1850 1133 1865 ‘²
1151 1856 1239 1890 esse,
1261 1851 1316 1881 est
1331 1851 1401 1881 ter-

340 1899 456 1936 ribile.
479 1899 556 1935 Sed
575 1899 792 1936 huiusmodi
814 1906 869 1935 est
897 1897 1094 1946 quoddam
1120 1898 1278 1934 bonum.
1301 1899 1401 1946 Ergo

341 1953 488 1989 bonum
519 1959 574 1988 est
602 1952 793 1988 obiectum
820 1951 975 1988 timoris.

396 2007 428 2043 3.
450 2006 683 2052 PRAETEREA,
704 2005 742 2041 in
763 2006 847 2041 Deo
867 2003 958 2040 nihil
982 2004 1126 2040 malum
1153 2016 1235 2040 esse
1263 2011 1400 2052 potest.

341 2058 418 2095 Sed
445 2058 647 2095 mandatur
675 2058 785 2095 nobis
812 2065 854 2094 ut
873 2058 999 2094 Deum
1020 2057 1242 2102 timeamus;
1269 2069 1402 2093 secun-

342 2111 433 2148 dum
449 2111 541 2148 illud
556 2111 698 2148 Psalmi
712 2110 866 2148 xxxt11*:
887 2110 1027 2147 Timete
1041 2110 1262 2156 Dominum,
1274 2123 1402 2147 omnes

339 2165 459 2201 sancti
485 2165 574 2201 eius.
597 2165 699 2212 Ergo
729 2164 842 2201 etiam
872 2163 987 2200 timor
1016 2171 1071 2200 est
1100 2163 1146 2200 de
1176 2164 1292 2200 bono,

394 2218 468 2254 SED
498 2229 644 2254 CONTRA
671 2229 737 2254 EST
765 2217 870 2266 quod
893 2217 1157 2253 Damascenus
1186 2217 1284 2264 dicit,
1306 2216 1344 2252 in
1369 2218 1399 2252 II

340 2270 435 2307 libro
463 2270 494 2317 ²³²,
516 2271 621 2319 quod
647 2271 762 2307 timor
791 2278 846 2307 est
874 2270 920 2307 de
950 2269 1052 2306 malo
1082 2269 1219 2306 futuro.

388 1389 431 1403 ‘⁸'
453 1387 509 1415 ’lux

102 1806 111 1814 '
120 1803 176 1831 Cap.
183 1810 204 1830 V,
213 1809 253 1831 n.3
261 1809 314 1831 sqq.

102 2118 111 2127 '
126 2116 192 2138 Vers.
208 2123 240 2138 10.

100 2275 112 2287 '⁵
121 2275 157 2296 De
167 2274 225 2296 Fide
237 2275 312 2302 Orth„

101 2301 311 2329 hb'n'cap'xn'
394 2325 618 2360 RESPONDEO
648 2335 830 2360 DiCENDUM
865 2323 970 2372 quod
1002 2322 1116 2359 timor
1153 2329 1208 2359 est
1244 2316 1400 2371 quidam

340 2384 467 2413 motus
487 2376 713 2425 appetitivae
733 2376 891 2413 virtutis.
908 2376 969 2413 Ad
987 2375 1167 2413 virtutem
1189 2382 1317 2412 autem
1337 2387 1402 2424 ap-

340 2429 535 2478 petitivam
563 2430 723 2477 pertinet
749 2429 965 2478 prosecutio
1000 2436 1036 2465 et
1063 2428 1169 2476 fuga,
1198 2435 1240 2465 ut
1268 2427 1402 2466 dicitur

100 2483 158 2531 ’ἐξ
175 2482 313 2532 ;’,“ζάξ’·,ξ;·
339 2483 378 2519 in
406 2483 455 2519 VI
484 2483 604 2519 Ethic.
630 2483 650 2504 ²¹⁶
679 2483 746 2519 Est
774 2489 902 2519 autem
930 2481 1146 2530 prosecutio
1176 2481 1283 2528 boni,
1313 2481 1402 2529 fuga

341 2543 468 2572 autern
497 2536 596 2572 mali.
619 2535 730 2573 Unde
760 2535 993 2584 quicumque
1017 2541 1144 2571 motus
1173 2534 1400 2582 appetitivae

338 2588 484 2626 virtutis
521 2588 700 2638 importat
735 2588 1064 2637 prosecutionem,
1098 2587 1213 2624 habet
1247 2587 1400 2635 aliquod

339 2643 486 2679 bonum
514 2654 584 2690 pro
605 2642 774 2678 obiecto:
806 2641 1038 2689 quicumque
1064 2648 1193 2677 autem
1222 2639 1401 2688 importat

339 2695 480 2743 fugam,
500 2695 789 2739 habetvmalum
813 2707 882 2743 pro
912 2693 1073 2731 obiecto.
1099 2694 1221 2740 Unde,
1244 2705 1332 2730 curn
1358 2693 1401 2730 ti-

340 2760 425 2785 mor
452 2749 581 2796 fugam
611 2748 806 2797 quandam
835 2747 1025 2796 importet,
1046 2746 1171 2795 primo
1201 2754 1236 2782 et
1263 2758 1332 2794 per
1360 2759 1400 2783 se

340 2801 489 2850 respicit
517 2802 661 2838 malum
691 2801 786 2838 sicut
813 2800 1013 2850 proprium
1043 2799 1248 2837 obiectum.

393 2856 522 2892 Potest
555 2862 683 2892 autem
721 2854 909 2903 respicere
939 2853 1050 2890 etiam
1080 2853 1237 2899 bonum,
1268 2864 1401 2889 secun-

393 2977 419 3008 α)
439 2977 521 3001 alium
542 2977 637 3008 ipsum.
655 2990 672 2995 —
692 2976 777 3007 ipsum
796 2976 879 3000 alium
900 2976 928 3004 E.
948 2976 1031 3000 alium
1051 2976 1079 2999 P.

393 3011 417 3044 β)
438 3012 490 3036 Per
507 3026 526 3030 -
546 3012 581 3036 Et
594 3019 646 3043 per·
666 3011 762 3036 PBFK.

1458 1368 1551 1405 dum
1580 1368 1686 1417 quod
1713 1369 1830 1405 habet
1856 1369 2118 1408 habitudinem
2147 1370 2197 1407 ad
2225 1371 2383 1408 malum.
2406 1371 2522 1418 Quod

1457 1421 1613 1470 quidem
1631 1428 1758 1471 potest
1778 1433 1859 1459 esse
1880 1422 2086 1472 dupliciter.
2103 1423 2190 1462 Uno
2211 1423 2367 1472 quidem
2388 1425 2519 1475 modo,

1457 1474 1682 1523 inquantum
1710 1487 1780 1523 per
1807 1476 1953 1512 malum
1982 1475 2152 1524 privatur
2179 1477 2338 1514 bonum.
2361 1478 2419 1514 Ex
2446 1478 2521 1514 hoc

1457 1535 1585 1564 autem
1614 1527 1698 1575 ipso
1728 1535 1783 1564 est
1811 1527 1951 1577 aliquid
1980 1529 2137 1577 malum,
2158 1530 2263 1578 quod
2284 1537 2339 1566 est
2366 1530 2520 1578 privati-

1456 1593 1551 1616 vum
1581 1580 1683 1616 boni.
1705 1580 1828 1627 Unde,
1851 1593 1938 1617 curn
1968 1581 2130 1628 fugiatur
2149 1583 2294 1618 malum
2323 1583 2413 1631 quia
2440 1595 2520 1620 ma-

1457 1634 1536 1669 lum
1567 1640 1632 1680 est,
1653 1632 1821 1680 sequitur
1848 1641 1889 1669 ut
1917 1633 2079 1680 fugiatur
2107 1634 2195 1682 quia
2221 1634 2346 1683 privat
2373 1636 2520 1672 bonurn

1458 1685 1563 1734 quod
1591 1685 1674 1733 quis
1703 1686 1870 1722 amando
1899 1686 2153 1734 prosequitur.
2179 1708 2203 1735 -.
2231 1688 2281 1723 Et
2308 1687 2520 1725 secundum

1457 1739 1532 1775 hoc
1561 1737 1659 1774 dicit<
1675 1737 1910 1786 Augustinus
1938 1738 1958 1760 '¹‘
1982 1739 2087 1787 quod
2116 1740 2217 1776 nulla
2247 1747 2302 1776 est
2337 1753 2451 1777 causa
2477 1741 2520 1778 ti-

1457 1791 1600 1838 mendi,
1621 1791 1691 1827 nisi
1721 1803 1768 1828 ne
1797 1791 1988 1828 amittatur
2015 1793 2161 1829 bonum
2189 1800 2372 1830 amatum.

1510 1844 1596 1880 Alio
1625 1843 1744 1880 modo
1775 1852 2018 1893 comparatur
2046 1846 2191 1882 bonum
2221 1846 2270 1883 ad
2298 1846 2457 1894 malum,
2478 1854 2521 1884 ut

1458 1909 1573 1934 causa
1601 1897 1736 1946 ipsius:
1765 1897 1991 1945 inquantum
2020 1898 2158 1935 scilicet
2186 1899 2339 1948 aliquod
2372 1899 2519 1936 bonum

1457 1962 1526 1987 sua
1544 1950 1681 1987 virtute
1700 1957 1824 1999 potest
1853 1950 2031 1987 inducere
2061 1951 2213 2000 aliquod
2242 1959 2520 1989 nocumentum

1456 2003 1495 2040 in
1515 2003 1618 2040 bono
1639 2010 1779 2040 amato,
1802 2004 1851 2040 Et
1869 2003 1968 2051 ideo,
1990 2003 2085 2040 sicut
2104 2017 2203 2053 spes,
2223 2012 2265 2041 ut
2293 2017 2407 2053 supra
2425 2005 2446 2026 '¹‘
2466 2004 2519 2042 di-

1458 2064 1560 2093 ctum
1590 2063 1656 2104 est,
1687 2056 1735 2093 ad
1764 2056 1841 2093 duo
1871 2056 2032 2105 respicit,
2059 2057 2199 2094 scilicet
2226 2058 2273 2094 ad
2306 2058 2453 2094 bonum
2481 2057 2520 2095 in

1457 2109 1563 2159 quod
1591 2109 1722 2157 tendit,
1744 2116 1779 2145 et
1807 2109 1856 2146 ad
1878 2109 1916 2146 id
1945 2122 2014 2159 per
2032 2110 2136 2159 quod
2157 2118 2283 2159 sperat
2310 2123 2351 2147 se
2370 2111 2519 2148 bonum

1457 2162 1700 2211 concupitum
1730 2161 1904 2211 adipisci;
1934 2163 1984 2199 ita
2013 2163 2127 2200 etiam
2147 2163 2262 2200 timor
2289 2164 2338 2201 ad
2367 2164 2443 2200 duo
2463 2175 2519 2201 re-

1456 2216 1575 2265 spicit,
1597 2215 1735 2252 scilicet
1754 2215 1803 2252 ad
1831 2216 1975 2253 malum
2003 2217 2108 2264 quod
2129 2216 2273 2264 refugit,
2295 2224 2331 2254 et
2358 2217 2408 2254 ad
2430 2217 2520 2254 illud

1456 2269 1602 2306 bonum
1623 2269 1728 2317 quod
1748 2281 1816 2305 sua
1834 2268 1973 2306 virtute
1992 2276 2118 2318 potest
2137 2269 2305 2318 infligere
2326 2270 2482 2307 malum.
2496 2291 2519 2298 -

1457 2322 1506 2358 Et
1518 2334 1588 2370 per
1601 2322 1703 2358 hunc
1717 2321 1879 2358 modum
1895 2322 2000 2358 Deus
2020 2322 2172 2358 timetur
2186 2323 2235 2359 ab
2249 2322 2407 2359 homine
2421 2322 2519 2370 ’13111-

1456 2382 1641 2423 quantum
1661 2381 1786 2423 potest
1804 2374 1973 2422 infligere
1995 2386 2175 2423 poenam,
2196 2375 2259 2412 vel
2285 2375 2518 2424 spiritualem

1455 2428 1518 2465 vel
1546 2427 1797 2476 corporalem.
1823 2448 1846 2454 -
1866 2427 1940 2463 Per
1968 2425 1982 2456 β
2010 2427 2114 2464 hunc
2142 2427 2256 2464 etiam
2285 2429 2447 2465 modum
2476 2428 2519 2466 ti-

1455 2488 1580 2518 metur
1598 2487 1764 2528 potestas
1779 2479 1935 2516 alicuius
1950 2480 2115 2517 hominis
2129 2480 2160 2527 *,
2177 2481 2343 2518 maxime
2363 2481 2518 2530 quando

1457 2540 1511 2570 est
1540 2534 1642 2569 laesa
1669 2538 1705 2579 Υ,
1735 2533 1797 2569 vel
1826 2533 1980 2582 quando
2011 2541 2066 2570 est
2097 2533 2253 2570 iniusta:
2283 2533 2372 2582 quia
2399 2533 2453 2570 sic
2479 2533 2519 2570 in

1454 2593 1636 2635 promptu
1672 2586 1788 2622 habet
1822 2593 2098 2642 nocqmentum
2131 2586 2280 2623 inferre.
2315 2587 2369 2623 lta
2405 2586 2518 2623 etiarn

1455 2639 1608 2676 timetur
1634 2650 1747 2687 super
1774 2638 1891 2675 alium
1920 2650 2009 2684 esse,
2034 2638 2131 2676 idest
2154 2638 2259 2676 inniti
2287 2638 2360 2686 alii,
2381 2646 2422 2676 ut
2449 2639 2518 2676 sci-

1454 2692 1540 2729 licet
1567 2692 1606 2728 in
1636 2692 1715 2728 eius
1743 2699 1928 2740 potestate
1957 2691 2003 2729 sit
2037 2692 2282 2729 constitutum
2310 2691 2421 2729 nobis
2449 2704 2518 2729 no-

1455 2752 1677 2782 cumentum
1697 2744 1855 2781 inferre:
1886 2745 1980 2781 sicut
1997 2744 2056 2781 ille
2086 2745 2152 2793 qui
2176 2752 2232 2782 est
2257 2745 2431 2782 conscius
2452 2744 2518 2782 cri-

1455 2798 1579 2846 minis,
1601 2798 1753 2835 timetur
1771 2795 1796 2846 ⁶,
1817 2810 1865 2834 ne
1895 2797 2039 2835 crimen
2068 2797 2219 2835 revelet.

1509 2852 1559 2888 Et
1585 2863 1654 2900 per
1682 2852 1756 2887 hoc
1783 2857 1887 2900 patet
1915 2851 2112 2900 responsio
2141 2850 2191 2888 ad
2219 2851 2377 2888 obiecta.

1511 2974 1538 3006 γ)
1558 2975 1637 2998 laesa.
1656 2988 1675 2993 ·-
1694 2974 1794 2998 Iaesiva
1813 2973 1859 2999 Pa.
1877 2986 1897 2993 -
1915 2973 1964 2997 Pro
1984 2973 2091 3003 iniusta,
2111 2972 2181 2998 iusta
2199 2973 2275 2997 EFG.

1511 3008 1535 3041 δ)
1555 3010 1665 3034 timetur
1731 3009 1836 3033 revelet.
1854 3022 1872 3027 -
1891 3009 2010 3033 timet...
2025 3009 2156 3033 reveletur
2175 3008 2228 3032 PH.

1019 3099 1351 3132 Commentario,
1374 3098 1624 3131 cardinalis
1645 3098 1847 3131 Caietani

370 3198 390 3218 N
413 3187 518 3228 primo
539 3187 671 3218 articulo
688 3185 882 3228 quaestionis
903 3187 1331 3228 quadragesimaesecundae,
1349 3187 1405 3217 du-

371 3231 556 3262 bitationem
573 3231 692 3262 faciunt
710 3231 780 3261 illae
794 3231 873 3262 duae
888 3231 1079 3262 universales
1095 3231 1298 3262 affirmativae
1310 3231 1343 3261 in
1354 3230 1406 3261 lit-

339 3282 405 3306 tera
428 3276 564 3316 positae,
590 3275 725 3306 scilicet:
745 3274 858 3306 Omnis
875 3281 978 3306 motus
996 3277 1187 3316 appetitivae
1206 3276 1333 3306 virtutis
1349 3276 1405 3305 im-

334 3325 472 3360 portans
482 3321 750 3360 prosecutionem,
766 3319 859 3350 habet
874 3319 987 3350 bonum
998 3330 1063 3360 pro
1079 3320 1212 3356 obiecto;
1235 3326 1274 3356 et,
1291 3318 1404 3350 Omnis

341 3369 444 3395 motus
466 3365 656 3404 appetitivae
679 3364 806 3395 virtutis
822 3364 999 3403 importans
1013 3363 1151 3404 fugam,
1171 3363 1264 3394 habet
1283 3363 1402 3393 malum

334 3418 397 3448 pro
414 3409 541 3439 obiecto.
558 3409 685 3438 Habent
701 3407 786 3438 enim
802 3407 965 3438 instantias
983 3408 1173 3438 manifestas.
1194 3407 1317 3438 Primae
1334 3407 1404 3447 qui-

340 3452 413 3482 dem
430 3453 533 3483 obstat
548 3452 687 3489 audacia,
704 3462 786 3493 quae
802 3451 953 3491 importat
968 3452 1237 3492 prosecutionem,
1252 3458 1282 3482 et
1297 3457 1403 3482 tamen

340 3496 502 3527 obiectum
526 3496 592 3527 eius
617 3503 663 3527 est
685 3496 818 3527 malum.
842 3495 1005 3526 Secundae
1029 3506 1104 3526 vero
1133 3496 1236 3526 obstat
1259 3495 1404 3535 despera-

339 3539 395 3576 tio,
421 3550 501 3581 quae
525 3541 676 3581 importat
699 3540 819 3581 fugam,
844 3547 874 3571 et
898 3539 1060 3571 obiectum
1079 3540 1146 3570 eius
1171 3546 1216 3570 est
1239 3539 1372 3570 bonum.

1515 3186 1551 3217 II.
1576 3186 1627 3216 Ad
1650 3186 1712 3216 hoc
1735 3185 1848 3216 dicitur
1872 3185 1960 3226 quod
1984 3194 2088 3215 sermo
2111 3194 2258 3225 praesens
2281 3183 2466 3224 intelligitur
2480 3182 2519 3213 de

1460 3230 1610 3261 omnibus
1626 3239 1691 3270 per
1712 3237 1765 3260 se:
1787 3229 1951 3260 instantiae
1974 3235 2082 3259 autem
2098 3229 2208 3259 allatae
2223 3235 2298 3259 sunt
2316 3228 2355 3259 de
2370 3227 2518 3258 omnibus

1453 3285 1516 3315 per
1538 3274 1694 3305 accidens.
1711 3273 1894 3304 Prosecutio
1919 3272 2004 3303 enim
2027 3282 2083 3313 per
2099 3283 2131 3303 se
2155 3272 2213 3303 sibi
2233 3272 2371 3303 vindicat
2386 3272 2517 3307 bonum,

1459 3325 1489 3349 et
1512 3328 1529 3348 e
1553 3326 1721 3349 converso:
1739 3324 1770 3348 et
1789 3317 1931 3348 similiter
1949 3316 2024 3356 fuga
2040 3326 2096 3357 per
2111 3327 2144 3348 se
2160 3316 2218 3347 sibi
2232 3316 2370 3347 vindicat
2384 3314 2515 3351 malum,

1459 3369 1489 3393 et
1512 3372 1529 3392 e
1553 3372 1715 3393 converso.
1731 3362 1824 3393 Unde
1847 3361 1935 3391 nulla
1958 3361 2139 3401 prosecutio
2164 3367 2210 3391 est
2224 3360 2300 3391 mali
2315 3358 2375 3390 nisi
2394 3368 2450 3399 per
2465 3368 2517 3389 ac-

1459 3406 1575 3443 cidens,
1599 3406 1716 3437 scilicet
1738 3412 1867 3446 propter
1891 3405 2099 3436 coniunctum
2122 3405 2256 3436 bonum.
2279 3404 2321 3434 Et
2338 3403 2400 3434 hoc
2419 3402 2518 3432 modo

1458 3451 1589 3481 audacia
1612 3457 1658 3481 est
1681 3456 1788 3480 motus
1812 3449 2033 3490 prosecutivus
2056 3449 2142 3486 mali,
2166 3455 2203 3479 ut
2224 3447 2313 3484 infra,
2335 3457 2389 3488 qu.
2409 3456 2469 3476 va
2490 3446 2516 3482 *‚

1458 3501 1552 3535 patet.
1569 3495 1610 3525 Et
1629 3493 1771 3524 similiter
1786 3493 1873 3524 nulla
1897 3493 1971 3534 fuga
1992 3499 2038 3524 est
2054 3492 2131 3524 boni
2146 3492 2205 3522 nisi
2221 3501 2277 3532 per
2292 3490 2444 3526 accidens,
2461 3490 2518 3520 sci-

1457 3539 1529 3569 licet
1552 3545 1680 3579 propter
1701 3537 1907 3569 coniunctum
1931 3537 2062 3568 malum.
2079 3537 2120 3568 Et
2141 3536 2204 3567 hoc
2226 3535 2325 3566 modo
2342 3534 2518 3575 desperatio

2547 1752 2558 1762 '
2566 1751 2626 1774 Vide
2638 1757 2688 1780 urg.
2701 1757 2718 1773 1.

2547 2011 2558 2021 ·
2572 2009 2622 2038 Qu.
2630 2016 2668 2038 ιι,
2681 2013 2725 2032 ιη.
2736 2016 2758 2038 7.

2548 2334 2558 2345 ⁶
2573 2333 2635 2356 Vide
2649 2339 2696 2362 urg.
2710 2340 2731 2363 3.

2645 2425 2660 2458 β

2546 2483 2556 2492 ·
2571 2481 2632 2504 Vide
2646 2488 2694 2510 arg.
2710 2487 2732 2503 2.

2644 2535 2660 2561 Υ

2547 3358 2556 3367 ·
2570 3357 2621 3379 Art.
2635 3363 2656 3379 2.
