2852 4152
164 936 221 984 “gg
230 942 268 964 qu.
276 940 324 961 vm,
335 934 372 955 ln-

163 1094 184 1162 .,.

243 1098 279 1171 ἕὲιὲ

279 1099 301 1171 -.<.<

1102 189 1366 235 QUAESTIO
1396 190 1498 235 X111,
1528 188 1821 225 ARTICULUS
1852 190 1863 223 l

943 410 1353 488 QUAESTIO
1397 408 2023 464 DECIMATERTIA

736 539 818 579 DE
852 536 1211 583 ELECTIONE,
1248 527 1417 587 QUAE
1450 534 1564 575 EST
1597 534 1798 575 ACTUS
1831 535 2223 577 VOLUNTATIS

835 597 1145 639 RESPECTU
1182 596 1397 637 EORUM
1431 595 1600 647 QUAE
1633 595 1793 636 SUNT
1827 596 1912 636 AD
1945 597 2133 638 FINEM

1231 719 1264 743 IN
1294 719 1359 743 SEX
1387 718 1587 744 ARTICULOS
1616 718 1730 743 DIVISA

483 834 742 865 ONSEQUENTER
784 819 1101 857 considerandum
1139 827 1194 856 est
1227 820 1274 857 de
1312 819 1455 857 actibus

404 835 684 918 Cvoluntatis
718 873 781 921 qui
817 880 903 909 sunt
934 872 971 909 in
1011 872 1294 920 comparatione
1328 873 1377 909 ad
1411 885 1455 909 ea

402 941 498 978 quae
527 934 613 964 sunt
632 927 680 963 ad
699 927 816 962 finem
837 925 866 961 ³⁶.
898 926 946 961 Et
973 932 1059 961 sunt
1078 932 1168 961 tres:
1200 925 1346 972 eligere,
1368 937 1456 961 con-

401 981 549 1026 sentire,
580 986 615 1015 et
634 979 696 1015 uti.
727 978 963 1014 Electionem
993 985 1120 1014 autem
1148 977 1340 1025 praecedit
1367 989 1457 1013 con-

400 1034 534 1071 silium.
565 1031 694 1067 Primo
715 1042 803 1078 ergo
824 1030 1144 1067 considerandum
1165 1038 1221 1066 est
1240 1029 1287 1066 de
1309 1030 1456 1065 electio-

400 1099 468 1132 ne;
490 1084 670 1131 secundo,
692 1084 738 1120 de
759 1083 916 1119 consilio
931 1082 969 1129 *;
989 1082 1110 1130 tertio,
1128 1083 1174 1120 de
1195 1093 1384 1118 consensu
1398 1081 1454 1128 **;

400 1145 546 1187 quarte,
577 1137 623 1173 de
651 1148 722 1173 usu
736 1135 766 1173 ²¹⁸.

400 1192 509 1229 Circa
538 1189 761 1226 electionem
791 1194 1023 1235 quaeruntur
1051 1198 1126 1223 sex.

451 1243 599 1280 Primo:
630 1241 734 1278 cuius
761 1240 952 1289 potentiae
972 1239 1017 1276 sit
1036 1246 1151 1285 actus,
1172 1246 1297 1274 utrum
1319 1238 1454 1274 volun-

504 1295 588 1332 tatis
615 1295 677 1332 vel
705 1293 869 1330 rationis.

1565 820 1760 857 Secundo:
1790 827 1918 856 utrum
1948 820 2078 856 electio
2108 822 2309 859 conveniat
2340 823 2455 860 brutis
2487 823 2565 861 ani-

1617 879 1789 916 malibus.

1563 939 1710 975 Tertio:
1739 946 1868 975 utrum
1905 938 2035 975 electio
2069 938 2114 974 sit
2141 939 2266 976 solum
2300 953 2434 978 eorum
2468 954 2565 990 quae

1616 1005 1703 1033 sunt
1731 997 1780 1033 ad
1808 998 1946 1045 finem,
1974 998 2037 1034 vel
2066 997 2180 1034 etiarn
2208 999 2438 1048 quandoque
2466 1000 2564 1039 finis.

1564 1055 1727 1101 Quarto:
1757 1062 1883 1092 utrum
1914 1055 2045 1092 electio
2070 1055 2116 1091 sit
2133 1063 2279 1098 tanturn
2308 1069 2440 1095 eorum
2467 1071 2566 1107 quae

1615 1125 1684 1162 per
1711 1125 1781 1150 nos
1811 1121 1981 1162 aguntur.

1564 1172 1724 1219 Quinto:
1752 1181 1880 1210 utrum
1911 1174 2041 1211 electio
2066 1174 2113 1212 sit
2140 1175 2265 1212 solum
2288 1175 2539 1223 possibilium.

1564 1232 1695 1268 Sexto:
1723 1239 1850 1269 utrum
1879 1233 1998 1269 homo
2029 1245 2073 1281 ex
2101 1233 2322 1270 necessitate
2357 1234 2477 1282 eligat,
2505 1235 2568 1272 vel

1616 1290 1743 1327 libere.
2398 1300 2401 1302 ’

1207 1397 1523 1441 ARTICULUS
1555 1398 1758 1440 PRIMUS

852 1501 1007 1531 UTRUM
1031 1499 1220 1530 ELECTIO
1244 1499 1310 1530 srr
1334 1498 1476 1530 ACTUS
1498 1498 1786 1535 VOLUNTATIS,
1811 1499 1894 1530 VEL
1917 1499 2120 1530 RATIONIS

637 1591 705 1615 Part.
723 1590 741 1619 Ι,
761 1597 806 1622 qu.
824 1575 929 1620 Lxxinu,
948 1593 996 1613 art.
1010 1587 1039 1619 3;
1059 1588 1079 1612 11
1099 1588 1181 1618 Sem„
1202 1588 1259 1612 dist.
1277 1594 1449 1647 mv‚vqu.E{‚h
1456 1591 1503 1611 art
1511 1594 1545 1646 125
1565 1586 1607 1611 De
1624 1586 1711 1616 Verit„
1731 1594 1776 1619 qu.
1793 1594 1852 1616 xxn,
1872 1592 1918 1611 art.
1935 1585 1979 1617 153
1998 1586 2029 1611 111
2049 1586 2145 1617 Ethic„
2162 1585 2222 1612 lect.
2234 1593 2268 1617 vr,
2286 1594 2326 1617 ιη

1452 1629 1491 1651 ic„
1521 1626 1569 1647 ect.
1588 1629 1615 1646 11.

426 1730 494 1770 >aab
510 1731 582 1774 512«
595 1711 631 1750 ¹1)
659 1725 795 1750 PRlMUM
824 1724 876 1748 s1c
905 1723 1143 1748 PROCEDrrUR.
1169 1711 1327 1748 Videtur
1350 1710 1455 1759 quod

426 1755 578 1826 §JAQQ
610 1765 740 1802 electio
770 1777 848 1802 non
876 1765 922 1801 sit
950 1771 1053 1801 actus
1071 1763 1288 1810 voluntatis,
1309 1764 1376 1800 sed
1399 1775 1456 1799 ra-

415 1821 452 1877 ’ὅ
474 1809 732 1868 *annonis
762 1817 906 1854 Electio
937 1816 1038 1853 enim
1069 1816 1309 1853 collationem
1339 1827 1455 1864 quan-

455 1847 700 1908 Qdam
729 1870 921 1918 importat,
956 1881 1031 1917 qua
1058 1882 1179 1906 unum
1213 1869 1316 1905 alteri
1348 1880 1455 1917 prae-

400 1926 525 1961 fertur.
557 1924 631 1960 Sed
661 1923 832 1959 conferre
862 1929 916 1958 est
939 1922 1104 1958 rationis.
1127 1922 1228 1969 Ergo
1250 1921 1380 1958 electio
1402 1928 1457 1957 est

400 1985 563 2014 rationls.

454 2042 488 2067 2.
515 2030 746 2073 PRAETEREA,
782 2027 952 2063 eiusdem
983 2034 1038 2063 est
1057 2026 1274 2075 syllogizare
1304 2033 1339 2062 et
1368 2038 1456 2062 con-

400 2083 563 2120 cludere.
594 2081 669 2118 Sed
698 2079 917 2128 syllogizare
938 2085 955 2100 ‘²
979 2079 1016 2116 in
1037 2078 1291 2127 operabilibus
1321 2086 1375 2115 est
1400 2091 1457 2115 ra-

399 2135 521 2173 tionis.
553 2135 652 2171 Cum
680 2133 789 2181 igitur
817 2132 948 2169 electio
978 2133 1023 2168 sit
1055 2132 1163 2181 quasi
1198 2131 1390 2169 conclusio
1419 2131 1457 2168 in

349 2206 372 2228 9-
402 2187 675 2238 operabfflbus,
709 2193 751 2222 ut
778 2185 912 2222 dicitur
939 2184 977 2221 in
1005 2185 1074 2221 VII
1103 2184 1221 2221 Ethic.
1242 2184 1274 2231 ⁹¹⁶,
1307 2184 1458 2221 videtur

341 2233 372 2248 ι’
402 2241 507 2290 quod
535 2240 581 2277 sit
607 2246 710 2276 actus
739 2237 902 2274 rationis.

458 2295 491 2331 3.
521 2294 756 2337 PRAETEREA,
786 2289 996 2338 ignorantia
1023 2301 1102 2326 non
1129 2288 1290 2337 pertinet
1317 2290 1365 2326 ad
1388 2300 1456 2325 vo-

401 2348 595 2392 luntatem,
612 2345 678 2381 sed
693 2343 743 2380 ad
757 2343 836 2380 vim
858 2342 1099 2390 cognitivam.
1116 2342 1184 2378 Est
1198 2349 1326 2378 autem
1342 2353 1457 2389 quae-

325 2417 373 2432 ι--
403 2400 493 2438 darn
521 2397 737 2447 ignorantia
756 2396 952 2441 electionis,
972 2402 1013 2431 ut
1032 2394 1166 2432 dicitur
1185 2394 1222 2430 in
1242 2395 1291 2430 111
1311 2394 1458 2431 Ethic.*

325 2443 360 2458 '¹¹'
402 2454 503 2499 Ergo
531 2450 681 2487 videtur
713 2450 818 2496 quod
846 2448 977 2485 electio
1006 2448 1084 2484 non
1110 2447 1294 2496 pertineat
1322 2446 1370 2484 ad
1389 2458 1457 2484 vo—

403 2507 596 2550 luntatem‚
627 2503 694 2539 sed
722 2501 771 2538 ad
799 2500 996 2538 rationem.

457 2558 530 2594 SED
559 2566 703 2592 CONTRA
731 2565 797 2591 EST
825 2554 929 2602 quod
957 2552 1213 2600 Philosophus
1233 2551 1332 2599 dicit,
1353 2552 1391 2588 In
1406 2553 1456 2588 ΙΙΙ

266 2626 273 2641 ι
290 2626 303 2641 n
321 2626 328 2641 1
347 2631 376 2641 --
401 2610 520 2647 Ethic.
540 2608 572 2656 *⁷
602 2608 706 2656 quod
726 2607 856 2643 electio
886 2613 941 2643 est
967 2605 1189 2643 desiderium
1208 2616 1339 2641 eorum
1363 2616 1459 2653 quae

271 2653 301 2668 ⁰⁴
316 2653 347 2668 '¹'
402 2668 489 2700 sunt
505 2663 542 2698 in
563 2662 678 2698 nobis.
698 2659 948 2697 Desiderium
978 2665 1105 2695 autem
1126 2665 1181 2694 est
1200 2665 1304 2694 actus
1323 2657 1458 2694 volun-

403 2716 497 2753 tatis.
527 2715 629 2761 Ergo
657 2720 694 2750 et
721 2712 864 2749 electio.

456 2770 687 2805 Responnsso-
700 2771 882 2803 mcENDuM
907 2764 1012 2812 quod
1031 2763 1069 2800 in
1089 2762 1244 2800 nomine
1269 2762 1459 2799 electionis

404 2822 628 2870 importatur
646 2818 787 2868 aliquid
806 2817 997 2866 pertinens
1026 2816 1075 2853 ad
1094 2815 1280 2853 rationem
1305 2815 1384 2852 sive
1405 2815 1460 2851 in-

404 2875 594 2911 tellectum
614 2871 640 2919 β,
671 2879 707 2909 et
734 2870 876 2919 aliquid
903 2869 1094 2919 pertinens
1123 2869 1171 2906 ad
1203 2868 1458 2905 voluntatem:

272 2951 296 2982 εἰ
349 2945 377 2955 ·-
407 2927 493 2964 dicit
512 2926 614 2963 enim
633 2924 900 2972 Philosophus,
917 2923 954 2959 in
968 2922 1019 2959 VI
1034 2921 1191 2968 Ethic.*,
1208 2920 1311 2970 quod
1327 2920 1459 2957 electio

351 2976 357 2982 '
407 2987 462 3016 est
476 2979 694 3028 appetitivus
712 2977 923 3022 intellectus,
939 2975 999 3012 vel
1011 2975 1192 3023 appetitus
1211 2973 1458 3011 intellectivus.

407 3032 739 3079 Quandocumque
758 3037 884 3066 autern
905 3029 982 3066 duo
1003 3026 1231 3064 concurrunt
1245 3026 1294 3063 ad
1322 3026 1460 3074 aliquid

406 3096 526 3121 unum
547 3083 863 3128 constituendum,
883 3093 1004 3118 unum
1021 3092 1154 3117 eorum
1170 3087 1226 3116 est
1243 3086 1285 3116 ut
1302 3080 1461 3116 formale

1510 1715 1545 1746 et
1571 1721 1729 1757 corpore
1762 1709 2005 1757 compositum
2038 1720 2136 1754 esse,
2165 1721 2284 1757 neque
2314 1721 2404 1746 vero
2433 1721 2568 1759 corpus

1510 1774 1588 1799 esse
1613 1762 1816 1798 secundum
1835 1762 2008 1809 seipsum,
2029 1773 2147 1810 neque
2165 1763 2334 1799 animam
2351 1762 2484 1809 solam,
2502 1759 2570 1803 sed

1510 1821 1726 1863 utrumque‚·
1749 1815 1799 1851 ita
1828 1820 1864 1850 et
1889 1814 2114 1850 electionem.
2145 1814 2213 1851 Est
2241 1822 2368 1851 autem
2382 1814 2568 1853 conside-

1509 1867 1672 1904 randum
1700 1866 1738 1903 in
1767 1866 1911 1903 actibus
1939 1866 2105 1915 animae,
2139 1867 2243 1915 quod
2275 1874 2380 1904 actus
2415 1867 2480 1916 qui
2513 1875 2569 1905 est

1510 1919 1753 1956 essentialiter
1786 1919 1898 1956 unius
1929 1919 2121 1968 potentiae
2148 1919 2210 1956 vel
2237 1920 2408 1968 habitus,
2437 1919 2568 1970 recipit

1509 1973 1674 2008 formam
1705 1979 1740 2008 et
1767 1972 1934 2020 speciem
1963 1984 1985 2008 a
2013 1971 2198 2021 superiori
2224 1972 2394 2021 potentia
2420 1970 2483 2010 vel
2501 1974 2567 2013 ha-

1510 2024 1600 2071 bitu,
1630 2024 1841 2077 secundum
1870 2024 1976 2072 quod
2005 2024 2199 2062 ordinatur
2225 2024 2380 2061 inferius
2408 2037 2430 2061 a
2458 2037 2569 2074 supe-

1511 2076 1620 2114 riori:
1650 2076 1800 2113 sienim
1829 2076 1962 2125 aliquis
1991 2083 2117 2113 actum
2146 2076 2369 2114 fortitudinis
2398 2080 2570 2117 exerceat
2616 2076 2619 2077 ⁷

1509 2136 1666 2178 propter
1702 2129 1774 2166 Dei
1807 2141 2001 2176 amorem,
2032 2136 2136 2166 actus
2165 2127 2321 2179 quidem
2358 2129 2417 2167 ille
2451 2133 2569 2168 mate-⁴

1511 2182 1648 2219 rialiter
1681 2189 1736 2218 est
1763 2181 2000 2230 fortitudinis,
2029 2181 2236 2219 formaliter
2262 2194 2355 2220 vero
2393 2182 2578 2223 caritatis(

1511 2234 1757 2272 Manifestum
1787 2242 1842 2271 est
1869 2241 1997 2271 autem
2026 2234 2131 2283 quod
2150 2235 2244 2271 ratio
2277 2235 2570 2283 quodammodo

1510 2288 1745 2324 voluntatem
1776 2286 1968 2336 praecedit
1995 2287 2036 2333 ⁴⁵,
2067 2294 2102 2323 et
2129 2286 2280 2324 ordinat
2311 2291 2437 2324 actum
2462 2287 2605 2326 eiusz'·
2642 2318 2648 2325 .
2707 2318 2715 2326 .

1509 2341 1750 2389 inquantum'
1771 2339 1910 2376 scilicet
1944 2339 2120 2376 voluntas
2153 2338 2191 2376 in
2224 2351 2336 2376 suum
2374 2339 2567 2379 obiectum

1509 2392 1628 2430 tendit
1655 2392 1865 2429 secundum
1895 2391 2067 2431 ordinem
2099 2390 2272 2438 rationis,
2302 2404 2348 2428 eo
2378 2392 2482 2440 quod
2509 2392 2568 2433 vis

1511 2445 1788 2494 apprehensiva
1816 2444 2043 2493 appetitivae
2072 2456 2185 2481 suum
2205 2444 2398 2481 obiectum
2418 2457 2567 2494 reprae-

1511 2505 1642 2535 sentat.
1674 2498 1736 2534 Sic
1763 2497 1873 2545 igitur
1899 2497 1958 2533 ille
1987 2504 2092 2533 actus
2129 2509 2206 2545 quo
2246 2497 2423 2534 voluntas
2450 2497 2568 2537 tendit

1511 2551 1549 2588 in
1568 2550 1708 2599 aliquid
1728 2550 1832 2598 quod
1851 2549 2077 2598 proponitur
2094 2556 2135 2586 ut
2153 2549 2313 2596 bonum,
2335 2561 2380 2586 ex
2394 2561 2440 2586 eo
2461 2549 2566 2598 quod

1510 2616 1578 2652 per
1605 2603 1791 2640 rationem
1821 2609 1876 2639 est
1903 2602 2120 2639 ordinatum
2148 2602 2198 2639 ad
2222 2602 2360 2650 finem,
2382 2598 2566 2641 'materiaa

1510 2657 1592 2693 liter
1619 2655 1775 2705 quidem
1804 2662 1859 2692 est
1883 2654 2101 2702 voluntatis,
2129 2654 2334 2691 formaliter
2361 2662 2490 2692 autem
2509 2667 2567 2695 ra·
2596 2667 2599 2669 ’

1510 2709 1622 2746 tionis
1636 2709 1668 2745 ²¹⁶.
1689 2709 1732 2745 In
1750 2707 1970 2745 huiusmodi
1990 2714 2116 2744 autem
2136 2707 2342 2744 substantia
2361 2714 2465 2746 actus
2487 2711 2606 2757 mal-,2-
2641 2738 2648 2744 .

1510 2762 1686 2799 terialiter
1714 2773 1755 2797 se
1781 2761 1896 2797 habet
1923 2760 1973 2797 ad
2005 2759 2178 2797 ordinem
2212 2759 2276 2808 qui
2312 2759 2518 2808 imponitur
2545 2764 2574 2801 ε’

1512 2813 1696 2863 superiori
1723 2812 1901 2862 potentia.
1931 2813 1980 2849 Et
2006 2812 2094 2849 ideo
2121 2812 2251 2849 electio
2281 2810 2569 2850 substantialiter

1512 2879 1591 2904 non
1620 2874 1675 2904 est
1702 2873 1806 2903 actus
1835 2865 2005 2912 rationis,
2035 2865 2102 2902 sed
2129 2864 2348 2903 voluntatis:
2375 2863 2569 2913 perficitur

1514 2919 1618 2957 enim
1638 2918 1770 2956 electio
1799 2918 1837 2955 in
1866 2925 1975 2955 motu
1994 2917 2163 2967 quodam
2183 2916 2332 2956 animae
2352 2917 2401 2954 ad
2420 2917 2568 2955 bonum

1515 2972 1619 3021 quod
1648 2971 1794 3019 eligitur
1816 2976 1843 3008 Ὺ.
1873 2970 1984 3008 Unde
2013 2970 2209 3008 manifeste
2237 2976 2342 3006 actus
2371 2976 2426 3006 est
2453 2982 2568 3019 appe-

1513 3025 1640 3062 titivae
1668 3023 1870 3073 potentiae.

1568 3080 1627 3114 An
1647 3089 1783 3114 Palmum
1802 3087 1900 3113 ERGO
1920 3074 2228 3122 mcmmm‘quod
2243 3074 2374 3112 electio
2391 3074 2570 3124 importat

368 3157 381 3172 e
408 3143 580 3186 respectu
596 3135 755 3172 alterius.
771 3134 881 3172 Unde
898 3133 1102 3182 Gregorius
1122 3131 1355 3181 Nyssenus*
1374 3131 1464 3169 dicit
1517 3130 1758 3167 collationem
1787 3128 1979 3178 quandam
2007 3126 2320 3176 praecedentem:
2356 3139 2434 3164 non
2463 3126 2570 3176 quod

408 3189 512 3238 quod
550 3189 681 3226 electio
720 3199 837 3235 neque
868 3192 922 3223 est
956 3187 1136 3234 appetitus
1170 3185 1373 3223 secundum
1409 3196 1464 3221 se-

409 3244 539 3292 ipsam,
569 3253 687 3290 neque
714 3240 907 3277 consilium
935 3239 1074 3285 solum,
1099 3239 1165 3276 sed
1182 3250 1231 3275 ex
1249 3238 1305 3274 his
1323 3236 1466 3285 aliquid

1518 3182 1761 3220 essentialiter
1788 3181 1833 3218 sit
1859 3180 1941 3229 ipsa
1970 3179 2128 3216 collatio.

1571 3237 1629 3272 AD
1657 3245 1846 3272 SECUNDUM
1873 3244 2054 3270 DICENDUM
2084 3232 2188 3280 quod
2216 3231 2408 3269 conclusio
2428 3229 2569 3268 etiam⁸

409 3295 663 3343 compositum.
693 3294 796 3330 Sicut
812 3293 910 3329 enim
930 3292 1086 3328 dicimus
1106 3291 1249 3328 animal
1267 3302 1317 3326 ex
1334 3290 1463 3326 anima
1489 3283 1493 3336 l
1520 3287 1726 3337 syllogismi
1740 3286 1804 3336 q'ui
1823 3286 1865 3323 fit
1883 3284 1922 3322 in
1942 3284 2209 3334 operabilibus‚
2226 3284 2274 3322 ad
2289 3284 2473 3322 rationem
2487 3295 2571 3332 per-

464 3426 490 3457 α)
511 3426 564 3449 Sed
582 3424 750 3458 syllogizare.
768 3437 786 3441 -
805 3422 974 3455 Syllogizare
992 3425 1081 3446 autem
1101 3421 1147 3446 Pa.

464 3459 488 3492 β)
509 3460 675 3485 intellectum.
693 3473 711 3478 -
729 3458 913 3483 intellectivam
933 3457 1023 3486 AfflK,
1045 3456 1245 3491 intelligentiam
1260 3455 1289 3486 E,
1307 3454 1345 3479 ad
1364 3454 1464 3479 intelle-

411 3498 480 3520 ctum
501 3495 547 3520 Pa.

1570 3418 1595 3451 γ)
1616 3418 1732 3450 eligitur.
1743 3430 1763 3436 -
1775 3418 1860 3440 motus
1879 3418 1966 3439 autem
1983 3415 2088 3439 animae
2108 3414 2133 3438 in
2153 3413 2256 3446 aliquid
2273 3413 2320 3438 sub
2333 3412 2436 3437 ratione
2449 3412 2517 3441 boni,
2532 3416 2571 3437 est

1518 3453 1600 3485 ipsius
1619 3451 1769 3480 voluntatis,
1789 3450 1851 3483 quia
1870 3450 1996 3474 obiectum
2016 3449 2160 3474 voluntatis
2178 3452 2217 3474 est
2235 3448 2329 3473 bonum
2349 3447 2417 3471 addit
2435 3447 2465 3472 E.

1571 3487 1595 3519 ὃ)
1615 3488 1704 3512 etiam.
1721 3501 1740 3505 -
1758 3485 1888 3510 omittunt
1907 3485 2002 3510 PHKa.
2020 3498 2039 3503 -
2060 3484 2110 3508 Pro
2126 3484 2179 3516 qui,
2192 3490 2260 3516 quae
2274 3482 2364 3507 Pan.
