2846 4146
108 319 115 327 ”
131 317 188 348 Arg.
202 322 221 338 2.

107 477 115 486 ’
131 475 178 503 Qu.
192 480 256 500 ινιιι,
272 477 314 495 m.

104 508 129 531 33
144 508 183 530 qu.
198 506 257 527 un,
271 503 314 522 art.

106 535 123 550 1.
157 547 169 549 γ,
229 546 236 548 .

106 999 161 1054 :uilf-
170 1002 233 1026 art.4
248 998 317 1021 huius
327 1016 331 1020 .

107 1480 118 1490 ·
129 1478 187 1506 cup.
199 1464 273 1506 xxvxi,
287 1479 317 1500 ι1.

102 1503 318 1533 minamur.

968 233 1231 278 QUAEsT1o
1262 234 1434 279 vaffl,

342 310 445 346 ritate
460 309 612 346 inducta
626 309 661 354 *;
679 317 714 345 et
734 309 786 345 sic
801 309 949 347 videtur
965 311 1067 359 quod
1083 311 1279 359 perficiant
1294 312 1397 360 quod

340 362 497 399 virtutes
516 362 699 410 perficere
719 374 796 398 non
811 371 981 410 possunt.
1000 365 1094 400 Sunt
1110 376 1197 411 ergo
1214 364 1315 401 dona
1330 377 1397 413 po-

341 414 437 451 tiora
455 419 467 435 ²
486 414 697 451 virtutibus.

394 468 619 504 RESPONDEO
638 479 821 504 D1CENDUM
837 469 953 515 quod,
970 469 1064 505 sicut
1084 480 1127 505 ex
1143 469 1363 517 supradictis
1378 469 1398 491 ’¹‘

340 527 453 568 patet,
482 520 638 556 virtutes
665 522 703 556 in
730 520 800 556 tria
827 533 965 568 genera
994 521 1282 569 distinguuntur:
1312 530 1398 558 sunt

342 572 443 610 enim
472 572 663 620 quaedam
690 572 846 609 virtutes
867 574 1111 621 theologicae,
1133 575 1322 622 quaedam
1343 575 1398 611 in-

340 626 585 672 tellectuales,
619 626 810 672 quaedam
840 628 1014 663 morales.
1044 627 1207 663 Virtutes
1241 628 1395 676 quidem

341 677 576 725 theologicae
605 686 691 714 sunt
718 678 856 726 quibus
875 691 984 715 mens
1002 680 1171 716 humana
1203 682 1286 717 Deo
1308 693 1396 717 con-

341 729 525 778 iungitur;
554 730 710 767 virtutes
739 739 866 767 autem
903 731 1169 769 intellectuales
1198 741 1284 770 sunt
1317 733 1397 781 qui-

341 783 414 820 bus
442 781 535 820 ratio
564 782 644 831 ipsa
670 783 882 832 perficitur;
911 784 1067 821 virtutes
1088 793 1214 822 autem
1235 787 1398 822 morales

343 842 430 872 sunt
447 835 584 884 quibus
603 835 704 872 vires
723 836 949 884 appetitivae
969 837 1213 885 perficiuntur
1232 839 1279 876 ad
1308 839 1398 875 obe-

344 887 526 926 diendum
547 888 691 925 rationi.
711 889 824 925 Dona
843 897 971 926 autem
993 890 1151 938 Spiritus
1168 891 1291 930 Sancti
1314 898 1400 927 sunt

343 940 480 990 quibus
509 953 643 977 omnes
670 941 770 977 vires
799 941 947 978 animae
974 941 1226 990 disponuntur
1253 944 1301 981 ad
1325 944 1399 980 hoc

344 993 449 1042 quod
469 993 678 1030 subdantur
697 994 856 1030 motioni
877 994 1027 1031 divinae
1046 995 1076 1031 ²¹⁶.

399 1046 461 1083 Sic
494 1058 582 1094 ergo
617 1047 752 1083 eadem
780 1047 930 1083 videtur
959 1059 1039 1084 esse
1070 1048 1303 1096 comparatio
1333 1049 1400 1086 do-

344 1111 482 1137 norum
515 1099 564 1136 ad
590 1099 745 1136 virtutes
777 1099 1027 1147 theologicas,
1055 1112 1124 1149 per
1156 1112 1248 1148 quas
1280 1101 1398 1137 homo

344 1152 471 1189 unitur
486 1151 638 1200 Spiritui
653 1152 790 1188 Sancto
807 1152 993 1198 moventi;
1011 1152 1105 1190 sicut
1117 1153 1299 1190 virtutum
1318 1165 1399 1189 mo-

344 1204 479 1242 ralium
507 1205 555 1241 ad
583 1204 1042 1251 virtutes-intellectuales,
1071 1218 1139 1253 per
1166 1218 1261 1253 quas
1289 1206 1400 1254 perfi-

344 1257 439 1294 citur
467 1257 571 1304 ratio,
602 1269 699 1306 quae
722 1265 776 1294 est
803 1257 984 1293 virtutum
1014 1258 1214 1294 moralium
1243 1258 1399 1295 motiva.

344 1310 455 1347 Unde
475 1309 569 1346 sicut
586 1310 742 1347 virtutes
765 1309 1031 1346 intellectuales
1049 1310 1311 1358 praeferuntur
1324 1310 1401 1347 >vir-

343 1362 486 1399 tutibus
518 1362 740 1408 moralibus,
775 1369 810 1398 et
846 1362 1016 1409 regulam
1048 1374 1129 1406 eas3
1163 1362 1212 1398 ita
1244 1362 1400 1399 virtutes

342 1414 582 1462 theologicae
599 1415 863 1463 praeferuntur
882 1414 991 1450 donis
1019 1414 1177 1461 Spiritus
1206 1414 1344 1460 Sancti,
1367 1422 1402 1451 et

345 1467 515 1515 regulant
542 1478 599 1503 ea.
619 1467 730 1503 Unde
751 1465 956 1513 Gregorius
976 1465 1074 1512 dicit,
1105 1466 1142 1502 in
1171 1467 1184 1502 I
1204 1467 1348 1503 Moral.
1367 1466 1398 1513 ²¹⁶,

345 1519 450 1569 quod
475 1529 594 1568 neque
624 1518 676 1555 ad
705 1518 852 1555 denarii
875 1519 1143 1566 perfectionem
1169 1524 1307 1566 septem
1325 1519 1404 1567 filii

345 1571 459 1619 (idest
475 1579 620 1620 septem
641 1573 757 1617 dona)
771 1572 1005 1619 perveniunt,
1026 1571 1098 1608 nisi
1116 1571 1153 1607 in
1171 1571 1265 1618 fide,
1285 1582 1349 1619 spe
1367 1577 1403 1607 et

345 1625 501 1662 caritate
513 1622 669 1672 fuerit<
697 1636 808 1660 omne
835 1624 935 1672 quod
960 1629 1090 1673 agunt.

400 1676 477 1714 Sed
496 1677 526 1714 si
546 1689 815 1725 comparemus
834 1677 935 1714 dona
951 1677 997 1713 ad
1013 1676 1103 1713 alias
1122 1676 1277 1712 virtutes
1296 1675 1401 1712 intel-

328 1730 522 1770 ,lectuales
535 1730 598 1766 vel
613 1730 790 1777 morales,
802 1729 903 1766 dona
917 1730 1180 1778 praeferuntur
1188 1728 1400 1766 virtutibus.

345 1782 450 1830 Quia⁴
462 1783 563 1820 dona
577 1782 778 1831 perficiunt
786 1781 887 1819 vires
902 1782 1052 1819 animae
1067 1781 1105 1818 in
1117 1781 1399 1830 comparatione

345 1835 396 1873 ad
425 1835 605 1884 Spiritum
636 1836 818 1886 Sanctum
839 1842 1077 1872 moventem:
1096 1833 1253 1871 virtutes
1272 1841 1400 1870 autem
1425 1855 1430 1875 ι

397 1972 419 2004 ε)
433 1972 552 2004 potiora.
564 1985 583 1991 —
596 1972 759 2004 perfectiora
779 1972 887 1996 codices.

397 2007 423 2039 ζ)
436 2007 533 2040 fuerit.
544 2019 564 2026 ·—
574 2007 629 2039 fiat
647 2007 675 2031 P.

1463 233 1756 270 ARTICULUS
1785 234 1870 270 VIII
2424 234 2499 280 455

1450 311 1649 359 perficiunt
1667 312 1728 347 vel
1756 311 1877 359 ipsam
1907 312 2100 358 rationem,
2130 313 2190 348 vel
2220 312 2308 349 alias
2335 312 2434 348 vires
2463 312 2501 348 in

1452 363 1584 400 ordine
1604 365 1652 400 ad
1675 363 1870 400 rationem.
1897 365 2139 401 Manifestum
2169 373 2222 401 est
2246 372 2371 401 autem
2398 364 2500 411 quod

1451 416 1500 452 ad
1526 416 1698 452 altiorem
1726 424 1916 453 motorem
1945 425 2093 465 oportet
2117 417 2250 453 maiori
2267 416 2501 465 {perfectione

1451 468 1592 504 mobile
1630 479 1711 504 esse
1748 469 1982 517 dispositum.
2017 469 2126 506 Unde
2165 469 2386 517 perfectiora
2418 476 2503 504 sunt

1452 521 1552 557 dona
1580 521 1790 558 virtutibus.

1502 575 1561 609 An
1581 585 1716 610 PRIMUM
1736 585 1833 610 ERGO
1853 585 2035 610 DICENDUM
2055 573 2159 620 quod
2189 573 2320 609 caritas
2349 581 2403 609 est
2429 573 2502 608 vir-

1450 633 1508 661 tus
1535 626 1763 673 theologica;
1795 626 1841 662 de
1867 638 1940 674 qua
1970 626 2213 662 concedimus
2241 626 2345 673 quod
2373 625 2417 661 sit
2435 638 2502 673 po-

1448 678 1520 714 tior
1549 678 1668 714 donis.

1502 732 1561 766 An
1589 742 1778 767 SECUNDUM
1806 742 1988 767 DlCENDUM
2017 729 2121 780 quod
2154 730 2291 779 aliquid
2321 737 2376 766 est
2403 729 2504 777 prius

1450 783 1566 818 altero
1593 782 1798 830 dupliciter.
1831 783 1914 819 Uno
1943 784 2073 830 modo,
2108 782 2239 819 ordine
2267 781 2505 831 perfectionis

1452 843 1487 871 et
1507 835 1712 882 dignitatis:
1733 835 1827 872 sicut
1852 835 1999 872 dilectio
2019 836 2091 872 Dei
2112 843 2167 872 est
2185 835 2288 884 prior
2307 834 2504 872 dilectione

1450 887 1622 935 proximi.
1645 889 1693 924 Et
1711 888 1785 924 hoc
1805 889 1923 925 modo
1944 888 2045 924 dona
2064 895 2150 925 sunt
2164 888 2290 936 priora
2307 886 2505 924 virtutibus

1451 940 1758 976 intellectualibus
1775 948 1811 976 et
1825 941 2043 988 moralibus,
2054 940 2262 989 posteriora
2279 952 2372 977 vero
2391 939 2506 976 virtu-

1451 992 1549 1028 tibus
1568 992 1798 1039 theologicis.
1815 1013 1838 1019 —
1854 993 1936 1029 Alio
1957 993 2087 1040 modo,
2109 993 2239 1030 ordine
2259 992 2506 1040 generationis

1452 1057 1519 1081 seu
1548 1045 1819 1093 dispositionis:
1850 1045 1944 1082 sicut
1963 1046 2110 1082 dilectio
2133 1045 2295 1094 proximi
2317 1044 2508 1094 praecedit

1453 1097 1693 1134 dilectionem
1721 1098 1803 1144 Dei,
1825 1105 2009 1146 quantum
2038 1099 2086 1135 ad
2114 1106 2252 1135 actum.
2282 1099 2331 1134 Et
2359 1097 2411 1135 sic
2433 1097 2507 1133 vir-

1452 1157 1548 1186 tutes
1577 1151 1741 1186 morales
1769 1158 1805 1187 et
1832 1150 2097 1188 intellectuales
2128 1150 2361 1199 praecedunt
2389 1150 2505 1186 dona:

1454 1202 1543 1251 quia
1569 1214 1637 1250 per
1663 1203 1738 1239 hoc
1762 1204 1866 1250 quod
1885 1203 2004 1239 homo
2026 1204 2123 1240 bene
2143 1216 2182 1240 se
2202 1204 2315 1239 habet
2334 1202 2431 1239 circa
2451 1214 2507 1238 ra-

1453 1255 1596 1292 tionem
1615 1255 1821 1303 propriam,
1840 1255 2049 1304 disponitur
2068 1256 2115 1292 ad
2136 1257 2209 1292 hoc
2228 1255 2332 1304 quod
2352 1267 2391 1291 se
2411 1255 2507 1291 bene

1453 1309 1591 1344 habeat
1619 1308 1655 1343 in
1684 1307 1816 1344 ordine
1844 1308 1893 1344 ad
1920 1309 2059 1344 Deum.

1507 1362 1565 1396 An
1584 1372 1743 1397 TERTHJM
1762 1372 1945 1397 DICENDUM
1965 1360 2068 1408 quod
2096 1360 2278 1408 sapientia
2306 1367 2342 1396 et
2368 1359 2509 1396 intelle-

1454 1421 1534 1449 ctus
1559 1420 1595 1449 et
1618 1412 1689 1448 alia
1711 1412 1931 1450 huiusmodi
1954 1420 2040 1449 sunt
2065 1413 2167 1450 dona
2191 1412 2350 1460 Spiritus
2370 1411 2508 1458 Sancti,

1455 1465 1666 1501 secundum
1686 1465 1789 1513 quod
1810 1465 1959 1501 caritate
1975 1470 1993 1492 η
2017 1465 2280 1511 informantur3
2309 1477 2407 1512 quae
2434 1476 2509 1501 non

1454 1518 1538 1566 agit
1556 1522 1771 1565 perperam,
1794 1525 1836 1553 ut
1860 1517 1992 1554 dicitur
2011 1519 2024 1553 I
2045 1518 2096 1554 ad
2118 1518 2204 1554 Cor.
2224 1517 2334 1554 X111*.
2355 1518 2404 1553 Et
2421 1516 2509 1553 ideo
2537 1528 2548 1540 ·
2585 1534 2620 1549 ers

1454 1569 1636 1617 sapientia
1664 1577 1700 1605 et
1732 1569 1920 1606 intellectu
1959 1577 1995 1606 et
2022 1570 2101 1606 aliis
2134 1569 2352 1606 huiusmodi
2387 1569 2510 1606 nullus

1455 1622 1554 1658 male
1581 1622 1709 1668 utitur,
1739 1622 1950 1658 secundum
1978 1622 2082 1670 quod
2110 1630 2196 1659 sunt
2224 1623 2326 1659 dona
2354 1621 2511 1670 Spiritus

1456 1674 1595 1712 Sancti.
1627 1675 1703 1711 Sed
1731 1674 1779 1711 ad
1811 1674 1885 1710 hoc
1914 1675 2018 1722 quod
2047 1687 2068 1710 a
2097 1674 2256 1711 caritatis
2283 1674 2512 1722 perfectione

1455 1740 1534 1764 non
1563 1727 1752 1774 recedant,
1781 1739 1902 1763 unum
1930 1727 1978 1763 ab
2003 1727 2119 1763 altero
2140 1726 2350 1763 adiuvatur.
2372 1727 2421 1763 Et
2439 1727 2514 1763 hoc

1456 1788 1511 1818 est
1537 1779 1642 1828 quod
1672 1779 1878 1827 Gregorius
1906 1779 2030 1816 dicere
2057 1779 2224 1817 intendit.

1510 1970 1537 2002 η)
1556 1969 1676 1994 caritate.
1690 1983 1709 1988 -
1722 1976 1774 2000 per·
1792 1969 1930 1994 caritatem
1951 1969 1997 1994 Pa.

1023 2084 1351 2116 Commentaria
1374 2082 1622 2131 Car-dinalis
1644 2082 1842 2115 Caietani

420 2173 522 2204 missis
546 2173 682 2204 articulis
705 2173 828 2214 quinto,
853 2179 940 2204 sexto
959 2179 990 2203 et
1010 2171 1155 2213 septimo,
1178 2171 1211 2202 In
1227 2177 1339 2202 octavo
1356 2177 1400 2212 at-

347 2184 513 2248 Otende
535 2217 772 2258 proportiones:
793 2234 814 2240 -
835 2216 908 2247 hinc
931 2216 1020 2253 ratio,
1048 2225 1129 2256 quae
1153 2222 1199 2246 est
1222 2221 1316 2255 caput
1338 2215 1398 2245 vir-

344 2268 461 2298 tutum,
485 2268 517 2292 et
538 2261 667 2292 virtutes
689 2260 914 2291 intellectuales
937 2267 968 2291 et
990 2260 1139 2296 morales;
1166 2259 1239 2289 inde
1254 2259 1351 2295 Deus,
1372 2265 1402 2289 et

344 2305 474 2340 virtutes
489 2305 685 2345 theologicae
701 2311 732 2335 et
747 2305 846 2335 dona:
856 2321 877 2328 -
895 2310 925 2334 et
938 2303 1057 2334 videbis
1073 2303 1400 2343 proportionalitatem

344 2349 426 2387 hanc
452 2356 556 2380 tenere
581 2349 689 2391 quoad
719 2348 934 2379 excellentiam
964 2347 1196 2378 coniunctionis
1222 2347 1262 2376 ad
1287 2352 1400 2386 caput,

343 2403 409 2434 qua
430 2396 551 2424 Auctor
570 2393 680 2433 egebat
695 2399 730 2424 ut
749 2392 950 2423 concluderet
965 2391 1159 2431 theologicas
1175 2400 1242 2421 esse
1267 2390 1402 2421 nobilio-

1453 2181 1501 2201 res
1525 2170 1633 2207 donis;
1658 2177 1688 2201 et
1710 2180 1776 2200 non
1800 2170 1908 2210 quoad
1931 2170 2107 2201 motionem
2131 2170 2302 2200 moralium
2325 2171 2363 2201 ab
2393 2170 2513 2201 intelle-

1454 2215 1618 2250 ctualibus,
1633 2221 1663 2244 et
1678 2214 1835 2244 donorum
1850 2225 1867 2244 a
1879 2214 2120 2254 theologalibus.
2141 2215 2207 2244 Iam
2226 2214 2336 2244 enim*
2348 2214 2514 2245 definitum
2540 2222 2551 2233 ⁴*
2566 2221 2601 2243 ef.
2608 2227 2666 2269 ‹5³0¹ss
2693 2227 2736 2268 ειη

1456 2266 1502 2289 est
1523 2259 1613 2300 quod
1642 2258 1776 2288 morales
1803 2258 1926 2288 infusae
1949 2258 1992 2289 sic
2016 2268 2048 2288 se
2071 2258 2187 2289 habent
2209 2258 2248 2288 ad
2272 2258 2512 2298 theologicales:

1456 2303 1540 2333 dona
1563 2309 1670 2332 autem
1693 2312 1759 2332 non
1783 2302 1826 2332 sic
1849 2302 1888 2332 ad
1910 2302 1993 2342 lpsas
2016 2302 2108 2338 solas,
2129 2302 2184 2332 sed
2199 2302 2348 2333 adiuncto
2364 2302 2513 2333 instinctu
2541 2300 2643 2354 affl-¹³⁸¹!

1457 2347 1588 2387 Spiritus
1612 2346 1725 2377 Sancti.

2541 2252 2604 2276 m’32

2541 2280 2580 2302 qu.
2596 2280 2646 2301 va,

2707 2251 2754 2273 nt.;

2658 2280 2695 2321 ,jh
2714 2280 2749 2304 .3‚

2744 2237 2750 2247 γ

2698 2306 2751 2321 {llus
