2846 4146
132 306 139 315 ”
155 304 222 327 Vers.
235 311 270 333 27·

131 415 138 423 ¹
157 412 222 434 Vers.
237 419 284 435 120.

223 935 254 956 iv,
265 935 288 951 n.
300 935 320 957 5.
329 940 340 945 -

226 956 276 977 lect.
292 961 328 977 111.

229 982 244 1007 8

130 929 210 977 &3¹51

122 2937 134 2948 ⁸
148 2936 215 2959 Vere.
229 2936 252 2958 8.

1023 222 1286 267 QUAESTIO
1317 222 1488 268 LXVIII,
1518 222 1811 258 ARTICULUS
1839 222 1874 258 V

370 298 475 345 lium,
490 310 559 346 per
583 299 765 344 timorem,
782 299 992 335 secundum
1012 299 1102 336 illud
1124 301 1302 336 Proverb.
1323 312 1370 336 xv
1389 299 1425 335 *ε

368 352 444 387 Per
470 351 639 387 timorem
660 355 676 378 Υ
694 351 852 387 Domini
876 352 1036 389 declinat
1062 352 1182 388 omnis
1204 364 1228 388 a
1251 352 1351 388 malo
1359 365 1372 396 ;
1392 360 1428 388 et

370 403 408 439 in
445 403 598 439 Psalmo
633 414 739 439 cxvm
767 402 806 439 *ε
846 405 1003 453 Confige
1039 405 1171 440 timore
1202 410 1263 440 tuo
1295 416 1428 440 carnes

370 466 487 501 meas,
508 467 532 492 a
552 455 694 492 iudiciis
712 455 810 491 enim
830 458 900 493 tuis
920 457 1036 493 timui.
1061 458 1109 493 Et
1127 457 1179 493 sic
1197 464 1299 505 patet
1323 455 1427 505 quod

370 508 465 544 haec
497 507 599 544 dona
632 507 837 544 extendunt
870 522 908 546 se
942 509 990 545 ad
1019 509 1148 545 omnia
1180 511 1228 546 ad
1257 521 1354 558 quae
1387 521 1426 545 se

371 560 576 597 extendunt
605 560 760 597 virtutes
792 568 869 596 tam
900 562 1166 598 intellectuales
1201 574 1316 610 quam
1345 574 1427 598 mo-

370 613 477 649 rates.

422 667 480 701 An
509 675 646 700 PR1MUM
669 675 767 701 ERGO
795 677 978 703 DICENDUM
1003 667 1107 714 quod
1136 666 1238 703 dona
1266 666 1427 714 Spiritus

370 716 497 754 Sancti
523 716 723 764 perficiunt
749 718 948 755 hominem
968 719 1005 755 in
1034 719 1091 755 his
1115 731 1212 767 quae
1240 720 1427 767 pertinent

369 769 419 806 ad
447 770 545 805 bene
572 768 803 807 vivendum:
826 772 874 807 ad
902 783 1000 819 quae
1028 783 1106 807 non
1135 772 1329 808 ordinatur
1353 784 1424 818 ars,

369 822 437 858 sed
455 821 505 858 ad
524 821 707 858 exteriora
727 823 917 868 factibilia;
938 831 994 860 est
1013 824 1114 860 enim
1132 836 1192 860 ars
1213 825 1305 860 ratio
1325 832 1426 861 recta

369 886 446 911 non
479 874 688 920 agibilium,
719 875 785 912 sed
819 876 1048 922 factibilium,
1078 884 1119 912 ut
1146 876 1281 913 dicitur
1307 877 1345 914 in
1373 877 1423 913 VI

366 927 487 963 Ethic.
509 926 529 947 *
558 927 687 963 Potest
714 935 842 964 tamen
871 929 943 965 dici
970 926 984 949 ὃ
1012 929 1132 976 quod,
1163 937 1346 976 quantum
1376 930 1424 967 ad

367 979 597 1015 infusionem
631 979 844 1027 donorum,
879 993 937 1017 ars
969 981 1129 1029 pertinet
1161 982 1209 1018 ad
1243 983 1423 1030 Spiritum

368 1032 565 1078 Sanctum,
587 1032 650 1080 qui
671 1041 726 1069 est
738 1033 992 1081 principaliter
1007 1045 1183 1079 movens3
1204 1047 1280 1071 non
1297 1043 1423 1073 autem

367 1084 417 1121 ad
444 1084 632 1130 homines,
653 1085 719 1133 qui
747 1094 833 1122 sunt
852 1087 1041 1133 quaedam
1062 1098 1203 1133 organa
1231 1087 1311 1124 eius
1331 1089 1422 1125 dum

367 1137 416 1173 ab
436 1148 483 1173 eo
503 1145 720 1174 moventur.
735 1158 759 1165 -
771 1138 1061 1186 Temperantiae
1077 1146 1204 1175 autem
1221 1142 1425 1188 respondet

366 1189 657 1239 quodammodo
678 1190 826 1227 donum
851 1191 1008 1227 timoris.
1031 1191 1134 1227 Sicut
1162 1192 1263 1228 enim
1284 1194 1332 1229 ad
1351 1194 1425 1230 vir-

365 1249 485 1279 tutem
513 1243 783 1293 temperantiae
806 1243 977 1291 pertinet,
998 1244 1208 1280 secundum
1238 1244 1319 1281 eius
1337 1258 1423 1294 pro-

364 1295 487 1343 priam
517 1295 715 1342 rationem,
736 1303 777 1331 ut
796 1296 929 1343 aliquis
953 1296 1104 1332 recedat
1122 1309 1145 1332 a
1170 1296 1424 1335 delectationi-

366 1348 439 1384 bus
456 1348 584 1395 pravis
602 1355 758 1395 propter
777 1349 923 1385 bonum
948 1348 1120 1393 rationis3
1140 1349 1190 1385 ita
1210 1349 1258 1385 ad
1278 1351 1423 1387 donum

365 1399 721 1447 timorie>pertinet
744 1401 848 1447 quod
877 1401 1010 1448 aliquis
1036 1401 1188 1437 recedat
1213 1413 1236 1437 a
1263 1402 1425 1440 delecta-

358 1449 532 1488 tionibus
560 1452 688 1500 pravis
714 1458 870 1499 propter
896 1452 968 1488 Dei
992 1452 1186 1502 timorem.

419 1506 478 1541 An
505 1515 696 1541 SECUNDUM
723 1515 907 1541 mcENDuM
940 1505 1045 1553 quod
1083 1517 1227 1542 nomen
1263 1506 1424 1544 iustitiae

363 1557 574 1606 imponitur
600 1569 623 1594 a
649 1557 870 1594 rectitudine
897 1557 1071 1594 rationis:
1101 1565 1137 1594 et
1159 1558 1248 1595 ideo
1281 1571 1424 1596 nomen

363 1610 511 1647 virtutis
539 1617 595 1647 est
614 1610 901 1647 convenientius
920 1622 1036 1658 quam
1056 1622 1200 1647 nomen
1224 1611 1326 1648 doni.
1348 1613 1425 1649 Sed

363 1664 510 1700 nomen
528 1663 674 1712 pietatis
697 1663 874 1711 importat
894 1664 1145 1700 reverentiam
1173 1676 1289 1712 quam
1309 1665 1426 1702 habe-

366 1726 453 1752 mus
487 1715 536 1752 ad
570 1724 718 1766 patrem
756 1724 793 1752 et
827 1716 876 1753 ad
908 1716 1080 1765 patriam.
1111 1717 1159 1753 Et
1195 1717 1285 1766 quia
1318 1725 1425 1766 pater

367 1768 541 1805 omnium
569 1770 675 1805 Deus
705 1775 770 1815 est,
791 1769 904 1806 etiam
925 1770 1046 1806 cultus
1073 1769 1145 1805 Dei
1165 1769 1285 1818 pietas
1304 1771 1426 1807 nomi-

366 1828 493 1867 natum
521 1829 564 1858 ut
589 1821 823 1869 Augustinus
851 1822 950 1868 dicit,
978 1823 1013 1858 X
1041 1822 1087 1858 de
1118 1822 1194 1859 Civ.
1225 1824 1300 1860 Dei
1324 1823 1356 1860 ²¹².
1377 1825 1427 1861 Et

363 1873 453 1911 ideo
474 1875 745 1912 convenienter
771 1876 916 1911 donum
937 1887 1013 1923 quo
1042 1875 1176 1922 aliquis
1196 1883 1352 1924 propter
1370 1889 1427 1913 re-

418 1996 445 2030 γ)
466 1997 517 2021 Per
535 1997 664 2022 timorem.
677 2011 695 2015 -
717 1998 744 2021 In
765 1998 859 2022 timore
879 1998 906 2023 P.

418 2031 443 2064 Ξ)
464 2032 524 2057 dici.
542 2046 562 2051 -
580 2033 658 2056 etiam
679 2033 732 2057 dici
751 2033 797 2058 Pa.

2453 223 2525 267 451

1481 299 1730 336 reverentiam
1751 300 1823 336 Dei
1838 301 1985 336 bonum
2001 307 2177 347 operatur
2191 299 2239 335 ad
2255 311 2398 346 omnes,
2413 299 2531 347 pietas

1482 352 1710 388 nominatur.

1533 407 1592 441 AD
1607 416 1766 441 TERTlUM
1781 415 1964 440 DlCENDtJM
1979 404 2082 451 quod
2102 403 2251 440 animus
2270 403 2434 439 hominis
2453 415 2531 439 non

1481 465 1659 494 movetur
1686 469 1708 493 a
1738 456 1876 504 Spiritu
1906 457 2057 502 Sancto,
2078 456 2148 492 nisi
2177 456 2209 491 ei
2235 455 2443 492 secundum
2468 454 2532 491 ali-

1481 521 1596 557 quem
1626 510 1786 546 modum
1814 509 1984 545 uniatur:
2014 508 2108 545 sicut
2135 508 2426 544 instrumentum
2454 519 2532 543 non

1481 570 1660 598 movetur
1686 563 1734 598 ab
1763 561 1903 598 artifice
1932 556 2002 597 nisi
2029 573 2098 609 per
2127 567 2353 606 contactum,
2374 567 2439 596 aut
2465 571 2533 607 per

1481 614 1646 663 aliquam
1675 615 1787 650 aliam
1815 614 2010 650 unionem.
2039 613 2166 650 Prima
2194 620 2320 648 autem
2347 612 2437 648 unio
2464 613 2532 647 ho-

1482 667 1592 703 minis
1613 666 1624 690 t
1644 674 1700 703 est
1727 679 1794 715 per
1822 667 1955 712 fidem,
1985 678 2094 714 spem
2124 673 2159 701 et
2188 665 2393 701 caritatem.
2422 663 2532 700 Unde

1480 719 1571 756 istae
1599 720 1755 756 virtutes
1782 726 2141 767 praesupponuntur
2159 717 2207 754 ad
2230 717 2342 763 dona,
2363 716 2457 752 sicut
2476 728 2532 752 ra—

1481 772 1583 808 dices
1611 772 1800 820 quaedam
1822 773 2025 809 donorum.
2045 771 2156 808 Unde
2180 769 2310 806 omnia
2330 769 2431 806 dona
2450 780 2533 816 per-

1479 824 1598 860 tinent
1625 825 1672 860 ad
1701 825 1769 860 has
1797 832 1870 860 tres
1897 824 2066 870 virtutes,
2095 823 2191 859 sicut
2218 822 2409 870 quaedam
2439 821 2532 858 deri-

1479 877 1652 913 vationes
1679 877 1956 924 praedictarum
1982 877 2177 912 virtutum.
2216 898 2221 899 ν

1531 931 1590 965 Au
1619 940 1790 971 QUARTUM
1826 941 2008 965 mensuum
2041 928 2145 976 quod
2177 940 2287 964 amor
2315 935 2351 974 et
2378 938 2465 974 spes
2498 932 2534 961 et

1479 981 1675 1018 delectatio
1704 982 1843 1017 habent
1871 982 2016 1017 bonum
2045 993 2115 1029 pro
2144 980 2306 1017 obiecto.
2327 980 2533 1015 Summum

1479 1042 1605 1070 autem
1645 1035 1790 1070 bonum
1828 1034 1932 1070 Deus
1970 1042 2044 1070 est:
2074 1033 2176 1069 unde
2213 1032 2369 1069 nomina
2396 1032 2532 1067 harum

1478 1086 1700 1135 passionum
1728 1086 2000 1122 transferuntur
2027 1086 2076 1122 ad
2102 1085 2258 1122 virtutes
2290 1084 2532 1131 theologicas,

1479 1140 1616 1187 quibus
1645 1139 1769 1175 anima
1798 1138 2035 1186 coniungitur
2066 1140 2163 1175 Deo.
2201 1137 2369 1174 Timoris
2406 1143 2532 1172 autern

1480 1192 1670 1228 obiectum
1692 1199 1747 1228 est
1765 1192 1921 1237 malum,
1938 1192 2042 1239 quod
2062 1192 2146 1227 Deo
2167 1190 2269 1226 nullo
2289 1189 2408 1226 modo
2430 1201 2533 1225 com-

1478 1245 1585 1292 petit:
1601 1244 1703 1280 unde
1719 1256 1796 1280 non
1811 1244 1990 1291 importat
2009 1242 2314 1280 coniunctionem
2329 1241 2378 1278 ad
2392 1242 2531 1287 Deum,

1479 1297 1546 1333 secl
1575 1297 1694 1344 magis
1722 1308 1913 1333 recessum
1943 1297 1991 1332 ab
2020 1295 2206 1344 aliquibus
2239 1295 2352 1331 rebus
2379 1301 2534 1342 propter

1479 1349 1730 1386 reverentiam
1748 1349 1832 1387 Dei.
1853 1350 1902 1385 Et
1929 1349 2015 1385 ideo
2040 1361 2118 1384 non
2139 1356 2193 1384 est
2217 1359 2360 1384 nomen
2387 1346 2533 1384 virtutis

1478 1402 1724 1449 theologicae,
1750 1401 1818 1437 sed
1846 1401 1948 1447 doni,
1969 1401 2075 1450 quod
2095 1399 2322 1437 eminentius
2342 1399 2494 1436 retrahit
2512 1411 2534 1435 a

1478 1455 1586 1491 malis
1614 1466 1731 1502 quam
1758 1454 1877 1490 virtus
1903 1453 2066 1490 moralis.

1531 1509 1590 1543 An
1619 1518 1780 1548 QUINTUM
1800 1518 1983 1543 mcENDUM
2012 1505 2115 1554 quod
2143 1517 2212 1553 per
2239 1503 2461 1553 sapientiam
2483 1503 2534 1541 di-

1480 1559 1607 1606 rigitur
1636 1566 1671 1594 et
1699 1558 1864 1594 hominis
1884 1558 2103 1604 intellectus,
2125 1565 2160 1594 et
2178 1557 2344 1594 hominis
2363 1557 2532 1593 affectus.

1481 1613 1528 1648 Et
1556 1612 1643 1648 ideo
1663 1619 1861 1659 ponuntur,
1876 1612 1951 1647 duo
1978 1610 2311 1658 correspondentia
2330 1609 2534 1657 sapientiae

1478 1672 1661 1712 tanquam
1691 1663 1890 1700 directivo:
1921 1675 1967 1699 ex
1994 1670 2099 1711 parte
2128 1662 2282 1711 quidem
2310 1662 2533 1707 intellectus,

1479 1719 1625 1755 donum
1654 1716 1880 1761 intellectus;
1911 1728 1954 1752 ex
1982 1723 2087 1764 parte
2116 1723 2243 1752 autem
2272 1715 2441 1760 affectus,
2468 1715 2534 1751 do-

1479 1783 1573 1807 num
1601 1769 1758 1806 timoris.
1785 1769 1894 1806 Ratio
1924 1768 2025 1805 enim
2053 1768 2212 1805 timendi
2240 1769 2366 1804 Deum
2393 1767 2535 1815 praeci-

1479 1835 1554 1871 pue
1582 1822 1744 1859 sumitur
1771 1834 1817 1858 ex
1845 1821 2144 1858 consideratione
2173 1820 2412 1858 excellentiae
2441 1820 2534 1857 divi-

1451 1863 1455 1916 Ι
1479 1888 1563 1921 nae,
1585 1887 1699 1923 quam
1730 1874 1943 1911 considerat
1970 1874 2163 1922 sapientia.

1528 2033 1553 2061 ζ)
1573 2033 1726 2057 hominis.—
1744 2033 1781 2057 ad
1801 2033 1885 2057 Deum
1906 2033 1974 2057 addit
1994 2033 2022 2058 F.

1447 1998 1450 2063 N
1527 1997 1549 2030 ε)
1570 1998 1711 2022 timoris.-
1727 1997 1839 2022 rationis
1858 1998 1898 2021 ed.
1913 2005 1938 2026 a,
1957 2005 2011 2021 om.
2030 1997 2297 2028 ACDEFGHIKLpB.

1034 2120 1367 2154 Commentaria
1390 2121 1642 2154 cardinalis
1665 2120 1866 2153 Caietam

368 2217 415 2279 IN
432 2207 563 2247 articulo
579 2214 691 2248 quarto
708 2207 849 2238 eiusdem
867 2208 1205 2247 sexagesimaeoctavae
1217 2208 1420 2250 quaestionis,

1474 2209 1543 2239 vult
1572 2208 1661 2248 quod
1688 2207 1864 2238 intellectus
1888 2207 1927 2237 sit
1950 2207 2098 2237 omnium
2129 2206 2357 2247 penetrativus;
2383 2206 2534 2247 sapientia

395 2252 520 2282 adverte
547 2252 636 2292 quod
665 2254 787 2282 Auctor
804 2252 875 2282 hoc
902 2251 1030 2282 in·10co
1065 2252 1207 2292 sequitur
1236 2252 1422 2292 opinionem
1475 2252 1623 2283 omnium
1646 2251 1739 2282 iudex
1762 2262 1818 2292 per
1835 2261 1963 2282 causam
1986 2251 2187 2286 altissimam
2205 2258 2235 2281 et
2250 2251 2391 2281 similiter
2407 2251 2535 2281 scientia

364 2305 462 2335 quam
485 2295 694 2335 postmodum
717 2295 750 2324 in
774 2296 812 2325 ΙΙ“
829 2295 889 2331 11⁴·,
905 2306 959 2337 qu.
976 2306 1039 2331 vm,
1056 2303 1111 2326 art.
1130 2297 1159 2331 6,
1178 2296 1336 2336 relinquit.
1362 2296 1422 2326 Hic
1475 2306 1531 2335 per
1555 2306 1662 2326 causas
1686 2302 1801 2326 creatas
1824 2305 1879 2325 seu
1903 2295 2061 2335 proprias;
2079 2301 2109 2325 et
2124 2294 2265 2324 similiter
2284 2294 2451 2324 consilium
2466 2305 2534 2324 orn-

364 2338 448 2368 enim
471 2339 541 2369 vult
559 2339 647 2379 quod
670 2339 755 2368 dona
779 2339 950 2378 spectantia
965 2339 1004 2368 ad
1018 2339 1214 2370 intellectum
1229 2339 1423 2379 distinguan-

1477 2339 1567 2369 nium
1590 2338 1818 2379 applicativum
1844 2339 1884 2368 ad
1911 2348 2018 2378 opera.
2041 2339 2081 2368 Et
2104 2338 2165 2368 hoc
2189 2347 2334 2378 sequere:
2360 2338 2434 2378 quia
2457 2338 2534 2368 divi-

363 2389 414 2413 tur
437 2391 533 2422 penes
562 2382 735 2422 practicum
763 2390 794 2413 et
821 2383 1060 2422 speculativum.
1090 2383 1135 2413 Ibi
1157 2393 1232 2413 vero
1260 2392 1343 2413 non:
1369 2383 1422 2413 sed
1478 2383 1574 2413 nioris
1598 2390 1644 2413 est
1667 2383 1792 2423 ingenii.

1165 2545 1447 2586 ARICULUS
1477 2545 1732 2597 QUINTUS

929 2645 1084 2676 UTRUM
1106 2615 1227 2676 nONA
1251 2645 1440 2676 smmTUs
1463 2645 1619 2676 sAtht
1643 2645 1739 2676 siNT
1763 2645 1971 2676 CONNEXA

1241 2730 1273 2755 111
1293 2731 1374 2760 Sent„
1395 2731 1452 2756 dist.
1467 2738 1548 2760 mvi,
1568 2735 1613 2755 art.
1634 2731 1658 2756 3.

429 2837 486 2860 ty»

482 2841 548 2873 ,Ἧι
573 2831 597 2856 u
625 2830 788 2861 Quum-um
808 2829 860 2855 stc
880 2829 1118 2855 moenum-un.
1139 2818 1297 2855 Videtur
1316 2818 1422 2868 quod

424 2870 436 2889 ·”
449 2904 477 2918 2,
491 2861 548 2931 {³5²ae
575 2872 676 2908 dona
695 2883 774 2908 non
794 2871 867 2908 sint
885 2883 1068 2907 connexa.
1086 2871 1186 2907 Dicit
1200 2871 1301 2907 enim
1316 2873 1420 2920 Apo-

362 2928 426 2970 ἰχ
441 2920 499 2968 ἐν’,
519 2921 702 2971 stolus,
719 2925 733 2960 1
749 2925 800 2961 ad
817 2925 903 2960 Cor.
919 2935 967 2960 xn
981 2923 1016 2960 *t
1036 2923 1115 2960 Alii
1127 2924 1238 2960 datur
1250 2935 1323 2972 per
1341 2924 1421 2972 Spi-

381 2946 513 3011 leq&
530 2968 561 3011 K
575 2978 686 3014 ritum
704 2988 828 3013 sermo
846 2976 1059 3025 sapientiae,
1080 2977 1148 3013 alii
1162 2988 1286 3013 sermo
1304 2978 1420 3014 scien-

363 3029 438 3065 tiae
461 3030 665 3067 secundum
703 3030 860 3066 eundem
898 3030 1088 3077 Spiritum.
1123 3029 1199 3066 Sed
1237 3029 1421 3077 sapientia

363 3087 401 3118 et
419 3080 571 3119 scientia
591 3083 687 3119 inter
705 3084 807 3120 dona
827 3082 983 3130 Spiritus
999 3081 1124 3118 Sancti
1140 3089 1417 3129 computantur.

363 3134 465 3182 Ergo
486 3134 588 3172 dona
609 3135 767 3184 Spiritus
788 3135 915 3172 Sancti
935 3135 1072 3171 dantur
1092 3134 1260 3181 diversis,
1282 3142 1319 3171 et
1337 3147 1417 3171 non

364 3194 640 3225 connectuntur
666 3188 736 3225 sibi
765 3188 930 3225 invicem
959 3187 996 3223 in
1026 3187 1176 3224 eodem.

418 3252 452 3276 2.
465 3241 697 3288 Pium-mm,
708 3237 940 3289 Augustinus
957 3239 1055 3287 dicit,
1072 3239 1109 3276 in
1125 3239 1214 3276 XIV
1223 3239 1268 3276 de
1281 3240 1318 3276 T
1313 3239 1418 3286 rin.*,

364 3293 467 3342 quod
494 3293 647 3331 scientia
667 3306 741 3331 non
757 3294 900 3342 pollent
907 3293 1041 3340 fideles
1058 3292 1227 3340 plurimi,
1248 3293 1420 3340 quamvis

300 3394 305 3397 ⁸
356 3346 525 3394 polleant
542 3347 622 3394 ipsa
630 3347 724 3394 fide.
741 3347 818 3384 Sed
834 3346 951 3383 fidem
971 3345 1245 3382 concomitatur
1263 3345 1418 3393 aliquod

364 3399 410 3436 de
440 3399 561 3447 doniS,
583 3400 632 3437 ad
658 3400 784 3436 minus
805 3400 950 3436 donum
969 3397 1125 3435 timoris.
1147 3398 1249 3445 Ergo
1268 3398 1419 3435 videtur

1475 2820 1581 2867 quod
1618 2808 1721 2856 dona
1752 2831 1831 2856 non
1858 2819 1931 2855 sint
1963 2830 2008 2855 ex
2036 2819 2259 2856 necessitate
2298 2831 2469 2855 connexa
2495 2819 2534 2856 in

1475 2874 1555 2908 uno
1585 2879 1621 2908 et
1648 2872 1801 2909 eodem.

1531 2925 1565 2961 3.
1595 2926 1828 2971 PRAETEREA,
1859 2924 2076 2972 Gregorius,
2105 2924 2143 2960 in
2172 2925 2199 2960 Ι.
2227 2924 2371 2960 Moral.
2392 2923 2422 2970 *,
2445 2924 2534 2961 dicit

1475 2977 1580 3024 quod
1608 2978 1733 3013 minor
1760 2983 1814 3013 est
1837 2978 2029 3024 sapientia,
2058 2977 2092 3013 si
2117 2977 2300 3013 intellectu
2327 2983 2477 3020 careat;
2500 2983 2535 3013 et

1474 3030 1584 3065 valde
1615 3029 1753 3065 inutilis
1779 3035 1834 3066 est
1859 3030 2079 3075 intellectus,
2107 3030 2141 3066 si
2166 3041 2216 3065 ex
2241 3030 2423 3077 sapientia
2456 3042 2531 3066 non

1473 3079 1655 3118 subsistat.
1679 3082 1758 3119 Vile
1784 3088 1839 3118 est
1864 3083 2076 3128 consilium,
2105 3082 2168 3118 cui
2185 3094 2277 3130 opus
2294 3083 2532 3130 fortitudinis

1474 3135 1593 3178 deest,·
1611 3140 1648 3170 et
1671 3134 1780 3171 valde
1791 3135 1975 3180 fortitudo
1995 3135 2196 3171 destruitur
2215 3140 2244 3181 α,
2263 3135 2337 3172 nisi
2347 3147 2421 3183 per
2444 3147 2531 3172 con-

1473 3187 1597 3223 silium
1622 3186 1823 3234 fulciatur.
1852 3187 1972 3224 Nulla
1999 3193 2055 3224 est
2076 3188 2250 3233 scientia,
2277 3188 2312 3224 si
2339 3188 2530 3224 utilitatem

1468 3239 1616 3287 pietatis
1644 3250 1719 3275 non
1746 3240 1873 3283 habet,·
1900 3245 1937 3276 et
1960 3239 2069 3277 valde
2101 3240 2238 3277 inutilis·
2265 3246 2320 3276 est
2341 3241 2471 3287 pietas,
2499 3241 2534 3277 si

1472 3291 1647 3328 scientiae
1673 3292 1893 3329 discretione
1918 3299 2030 3329 caret.
2058 3293 2188 3329 Timor
2214 3304 2362 3341 quoque
2389 3293 2476 3341 ipse,
2499 3294 2533 3330 si

1474 3356 1548 3381 non
1567 3345 1636 3381 has
1653 3345 1806 3382 virtutes
1832 3346 2014 3391 habuerit,
2034 3346 2086 3382 ad
2103 3346 2246 3382 nullum
2266 3344 2281 3375 β
2300 3357 2392 3394 opus
2411 3347 2532 3382 bonae
2583 3351 2585 3353 '

1473 3397 1629 3434 actionis
1659 3398 1792 3447 surgit.
1822 3399 1880 3434 Ex
1915 3398 2053 3447 quibus
2080 3398 2231 3435 videtur
2266 3398 2371 3446 quod
2407 3408 2528 3435 unum

416 3526 444 3559 α)
464 3526 622 3551 destruitur.
636 3540 655 3544 -
670 3525 824 3550 destituitur
843 3525 1106 3549 PABCDEFGHILa.

1447 3519 1450 3558 Ι
1529 3522 1554 3557 β)
1574 3524 1610 3548 ad
1625 3524 1734 3550 nullum.
1747 3538 1765 3542 -
1784 3524 1883 3548 nullum
1904 3524 1933 3549 P.

2563 2936 2571 2944 ·
2585 2935 2642 2966 Cap.
2652 2941 2726 2963 xxxn,
2742 2935 2771 2957 al.

2563 2968 2601 2988 xv,
2610 2968 2632 2983 m
2641 2965 2688 2983 vet.
2697 2968 2770 2983 xxxu.
