<?xml version="1.0" encoding="UTF-8"?>
<!DOCTYPE html PUBLIC "-//W3C//DTD XHTML 1.0 Transitional//EN"
    "http://www.w3.org/TR/xhtml1/DTD/xhtml1-transitional.dtd">
<html xmlns="http://www.w3.org/1999/xhtml" xml:lang="en" lang="en">
 <head>
  <title>
</title>
<meta http-equiv="Content-Type" content="text/html;charset=utf-8" />
  <meta name='ocr-system' content='tesseract 3.04.00' />
  <meta name='ocr-capabilities' content='ocr_page ocr_carea ocr_par ocr_line ocrx_word'/>
</head>
<body>
  <div class='ocr_page' id='page_1' title='image "./operaomniaiussui06thom_0187.png"; bbox 0 0 2852 4152; ppageno 0'>
   <div class='ocr_carea' id='block_1_1' title="bbox 121 346 329 395">
    <p class='ocr_par' dir='ltr' id='par_1_1' title="bbox 121 346 329 395">
     <span class='ocr_line' id='line_1_1' title="bbox 121 346 329 395; baseline -0.01 0"><span class='ocrx_word' id='word_1_1' title='bbox 121 346 200 395; x_wconf 55' lang='lat' dir='ltr'>&#39;sftlz</span> <span class='ocrx_word' id='word_1_2' title='bbox 207 351 309 394; x_wconf 51' lang='lat' dir='ltr'>¹1¹&amp;ae</span> <span class='ocrx_word' id='word_1_3' title='bbox 318 355 329 360; x_wconf 85' lang='lat'>&#39;</span> 
     </span>
    </p>
   </div>
   <div class='ocr_carea' id='block_1_2' title="bbox 119 547 326 600">
    <p class='ocr_par' dir='ltr' id='par_1_2' title="bbox 119 547 326 600">
     <span class='ocr_line' id='line_1_2' title="bbox 122 547 326 574; baseline -0.01 -5"><span class='ocrx_word' id='word_1_4' title='bbox 122 548 131 558; x_wconf 75' lang='lat'><strong>‘</strong></span> <span class='ocrx_word' id='word_1_5' title='bbox 150 547 208 574; x_wconf 76' lang='lat' dir='ltr'>cap.</span> <span class='ocrx_word' id='word_1_6' title='bbox 226 552 240 567; x_wconf 82' lang='lat' dir='ltr'>v</span> <span class='ocrx_word' id='word_1_7' title='bbox 271 551 294 567; x_wconf 93' lang='lat' dir='ltr'>n.</span> <span class='ocrx_word' id='word_1_8' title='bbox 314 551 326 573; x_wconf 91' lang='lat'>3</span> 
     </span>
     <span class='ocr_line' id='line_1_3' title="bbox 119 562 326 600; baseline -0.01 -6"><span class='ocrx_word' id='word_1_9' title='bbox 119 579 188 600; x_wconf 62' lang='grc' dir='ltr'><strong>ειη.-</strong></span> <span class='ocrx_word' id='word_1_10' title='bbox 196 562 326 594; x_wconf 75' lang='lat' dir='ltr'>s.TI1.1ect.</span> 
     </span>
    </p>
   </div>
   <div class='ocr_carea' id='block_1_3' title="bbox 119 603 223 625">
    <p class='ocr_par' dir='ltr' id='par_1_3' title="bbox 119 603 223 625">
     <span class='ocr_line' id='line_1_4' title="bbox 119 603 223 625; baseline 0 -5"><span class='ocrx_word' id='word_1_11' title='bbox 119 605 169 620; x_wconf 84' lang='lat' dir='ltr'>vm.</span> <span class='ocrx_word' id='word_1_12' title='bbox 189 603 223 625; x_wconf 60' lang='grc' dir='ltr'>..Α</span> 
     </span>
    </p>
   </div>
   <div class='ocr_carea' id='block_1_4' title="bbox 79 1389 309 1477">
    <p class='ocr_par' dir='ltr' id='par_1_4' title="bbox 79 1389 309 1477">
     <span class='ocr_line' id='line_1_5' title="bbox 114 1389 237 1418; baseline -0.008 -6"><span class='ocrx_word' id='word_1_13' title='bbox 114 1391 126 1401; x_wconf 76' lang='lat'><strong>‘</strong></span> <span class='ocrx_word' id='word_1_14' title='bbox 139 1389 168 1412; x_wconf 88' lang='lat' dir='ltr'>D.</span> <span class='ocrx_word' id='word_1_15' title='bbox 182 1390 237 1418; x_wconf 86' lang='lat'>980.</span> 
     </span>
     <span class='ocr_line' id='line_1_6' title="bbox 79 1442 309 1477; baseline -0.004 -13"><span class='ocrx_word' id='word_1_16' title='bbox 79 1475 81 1477; x_wconf 20' lang='lat' dir='ltr'>v</span> <span class='ocrx_word' id='word_1_17' title='bbox 112 1442 126 1453; x_wconf 80' lang='grc'><em>·</em></span> <span class='ocrx_word' id='word_1_18' title='bbox 139 1442 191 1464; x_wconf 75' lang='lat' dir='ltr'>Art.</span> <span class='ocrx_word' id='word_1_19' title='bbox 205 1442 309 1470; x_wconf 71' lang='lat' dir='ltr'>praeced.</span> 
     </span>
    </p>
   </div>
   <div class='ocr_carea' id='block_1_5' title="bbox 1018 258 1852 307">
    <p class='ocr_par' dir='ltr' id='par_1_5' title="bbox 1018 258 1852 307">
     <span class='ocr_line' id='line_1_7' title="bbox 1018 258 1852 307; baseline 0.001 -11"><span class='ocrx_word' id='word_1_20' title='bbox 1018 258 1282 304; x_wconf 87' lang='lat' dir='ltr'>QUAESTIO</span> <span class='ocrx_word' id='word_1_21' title='bbox 1312 260 1452 307; x_wconf 90' lang='lat' dir='ltr'>XXIII,</span> <span class='ocrx_word' id='word_1_22' title='bbox 1480 260 1774 297; x_wconf 91' lang='lat' dir='ltr'>ARTICULUS</span> <span class='ocrx_word' id='word_1_23' title='bbox 1804 262 1852 297; x_wconf 90' lang='lat' dir='ltr'>III</span> 
     </span>
    </p>
   </div>
   <div class='ocr_carea' id='block_1_6' title="bbox 353 334 1409 908">
    <p class='ocr_par' dir='ltr' id='par_1_6' title="bbox 353 334 1409 908">
     <span class='ocr_line' id='line_1_8' title="bbox 356 334 1407 384; baseline 0.001 -12"><span class='ocrx_word' id='word_1_24' title='bbox 356 342 421 382; x_wconf 85' lang='lat' dir='ltr'>est,</span> <span class='ocrx_word' id='word_1_25' title='bbox 447 342 488 372; x_wconf 90' lang='lat' dir='ltr'>ut</span> <span class='ocrx_word' id='word_1_26' title='bbox 507 334 639 372; x_wconf 84' lang='lat' dir='ltr'>dicitur</span> <span class='ocrx_word' id='word_1_27' title='bbox 666 335 703 371; x_wconf 92' lang='lat' dir='ltr'>in</span> <span class='ocrx_word' id='word_1_28' title='bbox 723 337 773 371; x_wconf 95' lang='grc' dir='ltr'>ΙΙΙ</span> <span class='ocrx_word' id='word_1_29' title='bbox 792 336 940 384; x_wconf 79' lang='lat' dir='ltr'>Physic.</span> <span class='ocrx_word' id='word_1_30' title='bbox 963 337 982 357; x_wconf 64' lang='lat'>&#39;¹‘</span> <span class='ocrx_word' id='word_1_31' title='bbox 1010 337 1120 373; x_wconf 90' lang='lat' dir='ltr'>Unde</span> <span class='ocrx_word' id='word_1_32' title='bbox 1144 344 1292 384; x_wconf 90' lang='lat' dir='ltr'>oportet</span> <span class='ocrx_word' id='word_1_33' title='bbox 1320 349 1407 373; x_wconf 92' lang='lat' dir='ltr'>con-</span> 
     </span>
     <span class='ocr_line' id='line_1_9' title="bbox 355 387 1407 437; baseline -0.001 -11"><span class='ocrx_word' id='word_1_34' title='bbox 355 387 581 426; x_wconf 84' lang='lat' dir='ltr'>trarietatem</span> <span class='ocrx_word' id='word_1_35' title='bbox 599 387 821 435; x_wconf 89' lang='lat' dir='ltr'>passionum</span> <span class='ocrx_word' id='word_1_36' title='bbox 841 389 1010 437; x_wconf 88' lang='lat' dir='ltr'>accipere</span> <span class='ocrx_word' id='word_1_37' title='bbox 1032 390 1241 426; x_wconf 86' lang='lat' dir='ltr'>secundum</span> <span class='ocrx_word' id='word_1_38' title='bbox 1262 397 1407 426; x_wconf 89' lang='lat' dir='ltr'>contra-</span> 
     </span>
     <span class='ocr_line' id='line_1_10' title="bbox 355 441 1407 479; baseline 0.002 -3"><span class='ocrx_word' id='word_1_39' title='bbox 355 441 525 477; x_wconf 85' lang='lat' dir='ltr'><strong>rietatem</strong></span> <span class='ocrx_word' id='word_1_40' title='bbox 544 447 720 476; x_wconf 88' lang='lat' dir='ltr'>motuum</span> <span class='ocrx_word' id='word_1_41' title='bbox 735 442 796 477; x_wconf 92' lang='lat' dir='ltr'>vel</span> <span class='ocrx_word' id='word_1_42' title='bbox 815 441 1077 478; x_wconf 86' lang='lat' dir='ltr'>mutationum.</span> <span class='ocrx_word' id='word_1_43' title='bbox 1108 443 1176 479; x_wconf 92' lang='lat' dir='ltr'>Est</span> <span class='ocrx_word' id='word_1_44' title='bbox 1194 450 1321 478; x_wconf 90' lang='lat' dir='ltr'>autem</span> <span class='ocrx_word' id='word_1_45' title='bbox 1341 442 1407 478; x_wconf 91' lang='lat' dir='ltr'>du-</span> 
     </span>
     <span class='ocr_line' id='line_1_11' title="bbox 355 492 1409 542; baseline 0.004 -15"><span class='ocrx_word' id='word_1_46' title='bbox 355 494 440 542; x_wconf 86' lang='lat' dir='ltr'>plex</span> <span class='ocrx_word' id='word_1_47' title='bbox 468 492 707 528; x_wconf 86' lang='lat' dir='ltr'>contrarietas</span> <span class='ocrx_word' id='word_1_48' title='bbox 728 493 765 529; x_wconf 90' lang='lat' dir='ltr'>in</span> <span class='ocrx_word' id='word_1_49' title='bbox 794 494 1063 530; x_wconf 88' lang='lat' dir='ltr'>mutationibus</span> <span class='ocrx_word' id='word_1_50' title='bbox 1086 495 1147 531; x_wconf 88' lang='lat' dir='ltr'>vel</span> <span class='ocrx_word' id='word_1_51' title='bbox 1171 494 1347 541; x_wconf 81' lang='lat' dir='ltr'>motibus,</span> <span class='ocrx_word' id='word_1_52' title='bbox 1367 502 1409 531; x_wconf 92' lang='lat' dir='ltr'>ut</span> 
     </span>
     <span class='ocr_line' id='line_1_12' title="bbox 356 545 1407 594; baseline 0 -11"><span class='ocrx_word' id='word_1_53' title='bbox 356 545 488 583; x_wconf 89' lang='lat' dir='ltr'>dicitur</span> <span class='ocrx_word' id='word_1_54' title='bbox 506 545 546 582; x_wconf 89' lang='lat' dir='ltr'>in</span> <span class='ocrx_word' id='word_1_55' title='bbox 563 546 598 582; x_wconf 94' lang='lat' dir='ltr'>V</span> <span class='ocrx_word' id='word_1_56' title='bbox 614 546 762 593; x_wconf 79' lang='lat' dir='ltr'>Physic.</span> <span class='ocrx_word' id='word_1_57' title='bbox 782 546 802 567; x_wconf 74' lang='lat'>’¹‘</span> <span class='ocrx_word' id='word_1_58' title='bbox 830 547 914 583; x_wconf 91' lang='lat' dir='ltr'>Una</span> <span class='ocrx_word' id='word_1_59' title='bbox 942 547 1096 594; x_wconf 90' lang='lat' dir='ltr'>quidem</span> <span class='ocrx_word' id='word_1_60' title='bbox 1116 548 1326 584; x_wconf 89' lang='lat' dir='ltr'>secundum</span> <span class='ocrx_word' id='word_1_61' title='bbox 1346 560 1407 583; x_wconf 89' lang='lat' dir='ltr'>ac-</span> 
     </span>
     <span class='ocr_line' id='line_1_13' title="bbox 356 600 1406 648; baseline 0.002 -14"><span class='ocrx_word' id='word_1_62' title='bbox 356 609 503 634; x_wconf 89' lang='lat' dir='ltr'>cessum</span> <span class='ocrx_word' id='word_1_63' title='bbox 540 605 577 634; x_wconf 92' lang='lat' dir='ltr'>et</span> <span class='ocrx_word' id='word_1_64' title='bbox 612 609 804 642; x_wconf 84' lang='lat' dir='ltr'>recessum</span> <span class='ocrx_word' id='word_1_65' title='bbox 842 600 888 635; x_wconf 93' lang='lat' dir='ltr'>ab</span> <span class='ocrx_word' id='word_1_66' title='bbox 925 600 1060 636; x_wconf 90' lang='lat' dir='ltr'>eodem</span> <span class='ocrx_word' id='word_1_67' title='bbox 1098 600 1279 637; x_wconf 87' lang='lat' dir='ltr'>termino:</span> <span class='ocrx_word' id='word_1_68' title='bbox 1310 612 1406 648; x_wconf 90' lang='lat' dir='ltr'>quae</span> 
     </span>
     <span class='ocr_line' id='line_1_14' title="bbox 355 649 1408 700; baseline 0.002 -13"><span class='ocrx_word' id='word_1_69' title='bbox 355 650 509 698; x_wconf 90' lang='lat' dir='ltr'>quidem</span> <span class='ocrx_word' id='word_1_70' title='bbox 529 649 770 687; x_wconf 78' lang='lat' dir='ltr'>contrarietas</span> <span class='ocrx_word' id='word_1_71' title='bbox 791 659 845 687; x_wconf 90' lang='lat' dir='ltr'>est</span> <span class='ocrx_word' id='word_1_72' title='bbox 864 652 1012 699; x_wconf 89' lang='lat' dir='ltr'>proprie</span> <span class='ocrx_word' id='word_1_73' title='bbox 1033 653 1296 700; x_wconf 89' lang='lat' dir='ltr'>mutationum,</span> <span class='ocrx_word' id='word_1_74' title='bbox 1314 653 1408 689; x_wconf 89' lang='lat' dir='ltr'>idest</span> 
     </span>
     <span class='ocr_line' id='line_1_15' title="bbox 354 702 1407 752; baseline 0.002 -13"><span class='ocrx_word' id='word_1_75' title='bbox 354 702 615 750; x_wconf 84' lang='lat' dir='ltr'>generationis,</span> <span class='ocrx_word' id='word_1_76' title='bbox 635 715 733 751; x_wconf 91' lang='lat' dir='ltr'>quae</span> <span class='ocrx_word' id='word_1_77' title='bbox 763 711 818 740; x_wconf 91' lang='lat' dir='ltr'>est</span> <span class='ocrx_word' id='word_1_78' title='bbox 844 704 1001 740; x_wconf 88' lang='lat' dir='ltr'>mutatio</span> <span class='ocrx_word' id='word_1_79' title='bbox 1026 705 1073 741; x_wconf 90' lang='lat' dir='ltr'>ad</span> <span class='ocrx_word' id='word_1_80' title='bbox 1102 717 1195 752; x_wconf 87' lang='lat' dir='ltr'>esse,</span> <span class='ocrx_word' id='word_1_81' title='bbox 1218 714 1253 742; x_wconf 88' lang='lat' dir='ltr'>et</span> <span class='ocrx_word' id='word_1_82' title='bbox 1281 717 1407 741; x_wconf 90' lang='lat' dir='ltr'>corru-</span> 
     </span>
     <span class='ocr_line' id='line_1_16' title="bbox 354 755 1405 804; baseline 0.003 -13"><span class='ocrx_word' id='word_1_83' title='bbox 354 755 512 803; x_wconf 82' lang='lat' dir='ltr'>ptioniS‚</span> <span class='ocrx_word' id='word_1_84' title='bbox 541 767 639 804; x_wconf 90' lang='lat' dir='ltr'>quae</span> <span class='ocrx_word' id='word_1_85' title='bbox 669 764 723 792; x_wconf 90' lang='lat' dir='ltr'>est</span> <span class='ocrx_word' id='word_1_86' title='bbox 749 757 905 793; x_wconf 91' lang='lat' dir='ltr'>mutatio</span> <span class='ocrx_word' id='word_1_87' title='bbox 935 757 982 793; x_wconf 88' lang='lat' dir='ltr'>ab</span> <span class='ocrx_word' id='word_1_88' title='bbox 1012 769 1092 793; x_wconf 92' lang='lat' dir='ltr'>esse</span> <span class='ocrx_word' id='word_1_89' title='bbox 1113 755 1138 794; x_wconf 73' lang='grc' dir='ltr'>β.</span> <span class='ocrx_word' id='word_1_90' title='bbox 1168 757 1251 794; x_wconf 88' lang='lat' dir='ltr'>Alia</span> <span class='ocrx_word' id='word_1_91' title='bbox 1279 765 1405 794; x_wconf 89' lang='lat' dir='ltr'>autem</span> 
     </span>
     <span class='ocr_line' id='line_1_17' title="bbox 354 808 1405 858; baseline 0.002 -14"><span class='ocrx_word' id='word_1_92' title='bbox 354 808 564 845; x_wconf 83' lang='lat' dir='ltr'>secundum</span> <span class='ocrx_word' id='word_1_93' title='bbox 585 808 885 845; x_wconf 88' lang='lat' dir='ltr'>contrarietatem</span> <span class='ocrx_word' id='word_1_94' title='bbox 914 809 1173 856; x_wconf 82' lang='lat' dir='ltr'>terminorum,</span> <span class='ocrx_word' id='word_1_95' title='bbox 1195 822 1292 858; x_wconf 88' lang='lat' dir='ltr'>quae</span> <span class='ocrx_word' id='word_1_96' title='bbox 1320 822 1405 858; x_wconf 91' lang='lat' dir='ltr'>pro-</span> 
     </span>
     <span class='ocr_line' id='line_1_18' title="bbox 353 860 1404 908; baseline 0.002 -12"><span class='ocrx_word' id='word_1_97' title='bbox 353 860 434 908; x_wconf 90' lang='lat' dir='ltr'>prie</span> <span class='ocrx_word' id='word_1_98' title='bbox 471 869 527 897; x_wconf 90' lang='lat' dir='ltr'>est</span> <span class='ocrx_word' id='word_1_99' title='bbox 560 861 801 898; x_wconf 85' lang='lat' dir='ltr'>contrarietas</span> <span class='ocrx_word' id='word_1_100' title='bbox 837 869 1031 898; x_wconf 92' lang='lat' dir='ltr'>motuum:</span> <span class='ocrx_word' id='word_1_101' title='bbox 1066 862 1160 898; x_wconf 91' lang='lat' dir='ltr'>sicut</span> <span class='ocrx_word' id='word_1_102' title='bbox 1198 862 1404 908; x_wconf 85' lang='lat' dir='ltr'>dealbatio,</span> 
     </span>
    </p>
   </div>
   <div class='ocr_carea' id='block_1_7' title="bbox 354 914 1424 963">
    <p class='ocr_par' dir='ltr' id='par_1_7' title="bbox 354 914 1424 963">
     <span class='ocr_line' id='line_1_19' title="bbox 354 914 1424 963; baseline 0.001 -13"><span class='ocrx_word' id='word_1_103' title='bbox 354 925 454 960; x_wconf 88' lang='lat' dir='ltr'>quae</span> <span class='ocrx_word' id='word_1_104' title='bbox 473 920 528 950; x_wconf 90' lang='lat' dir='ltr'>est</span> <span class='ocrx_word' id='word_1_105' title='bbox 555 921 680 950; x_wconf 88' lang='lat' dir='ltr'>motus</span> <span class='ocrx_word' id='word_1_106' title='bbox 709 926 731 950; x_wconf 90' lang='lat' dir='ltr'>a</span> <span class='ocrx_word' id='word_1_107' title='bbox 758 914 863 961; x_wconf 86' lang='lat' dir='ltr'>nigro</span> <span class='ocrx_word' id='word_1_108' title='bbox 883 914 922 951; x_wconf 92' lang='lat' dir='ltr'>in</span> <span class='ocrx_word' id='word_1_109' title='bbox 950 915 1089 960; x_wconf 85' lang='lat' dir='ltr'>album,</span> <span class='ocrx_word' id='word_1_110' title='bbox 1111 915 1315 963; x_wconf 88' lang='lat' dir='ltr'>opponitur</span> <span class='ocrx_word' id='word_1_111' title='bbox 1343 915 1424 957; x_wconf 73' lang='lat' dir='ltr'>de-‚</span> 
     </span>
    </p>
   </div>
   <div class='ocr_carea' id='block_1_8' title="bbox 352 965 1406 1538">
    <p class='ocr_par' dir='ltr' id='par_1_8' title="bbox 352 965 1406 1538">
     <span class='ocr_line' id='line_1_20' title="bbox 354 965 1364 1014; baseline 0.001 -12"><span class='ocrx_word' id='word_1_112' title='bbox 354 965 563 1013; x_wconf 86' lang='lat' dir='ltr'>nigrationi,</span> <span class='ocrx_word' id='word_1_113' title='bbox 583 978 682 1014; x_wconf 90' lang='lat' dir='ltr'>quae</span> <span class='ocrx_word' id='word_1_114' title='bbox 711 974 766 1003; x_wconf 90' lang='lat' dir='ltr'>est</span> <span class='ocrx_word' id='word_1_115' title='bbox 793 974 919 1003; x_wconf 92' lang='lat' dir='ltr'>motus</span> <span class='ocrx_word' id='word_1_116' title='bbox 947 967 994 1003; x_wconf 90' lang='lat' dir='ltr'>ab</span> <span class='ocrx_word' id='word_1_117' title='bbox 1023 968 1109 1003; x_wconf 92' lang='lat' dir='ltr'>albo</span> <span class='ocrx_word' id='word_1_118' title='bbox 1138 967 1176 1003; x_wconf 93' lang='lat' dir='ltr'>in</span> <span class='ocrx_word' id='word_1_119' title='bbox 1204 967 1364 1014; x_wconf 83' lang='lat' dir='ltr'>nigrum.</span> 
     </span>
     <span class='ocr_line' id='line_1_21' title="bbox 407 1018 1405 1068; baseline 0.001 -14"><span class='ocrx_word' id='word_1_120' title='bbox 407 1018 470 1055; x_wconf 90' lang='lat' dir='ltr'>Sic</span> <span class='ocrx_word' id='word_1_121' title='bbox 495 1018 606 1066; x_wconf 86' lang='lat' dir='ltr'>igitur</span> <span class='ocrx_word' id='word_1_122' title='bbox 631 1018 669 1055; x_wconf 89' lang='lat' dir='ltr'>in</span> <span class='ocrx_word' id='word_1_123' title='bbox 696 1019 934 1067; x_wconf 87' lang='lat' dir='ltr'>passionibus</span> <span class='ocrx_word' id='word_1_124' title='bbox 970 1019 1119 1055; x_wconf 89' lang='lat' dir='ltr'>animae</span> <span class='ocrx_word' id='word_1_125' title='bbox 1152 1020 1289 1068; x_wconf 85' lang='lat' dir='ltr'>duplex</span> <span class='ocrx_word' id='word_1_126' title='bbox 1317 1032 1405 1056; x_wconf 90' lang='lat' dir='ltr'>con-</span> 
     </span>
     <span class='ocr_line' id='line_1_22' title="bbox 353 1070 1406 1120; baseline 0.001 -12"><span class='ocrx_word' id='word_1_127' title='bbox 353 1070 521 1109; x_wconf 81' lang='lat' dir='ltr'>trarietas</span> <span class='ocrx_word' id='word_1_128' title='bbox 548 1071 757 1108; x_wconf 88' lang='lat' dir='ltr'>invenitur:</span> <span class='ocrx_word' id='word_1_129' title='bbox 786 1084 862 1108; x_wconf 87' lang='lat' dir='ltr'>una</span> <span class='ocrx_word' id='word_1_130' title='bbox 890 1071 1044 1120; x_wconf 89' lang='lat' dir='ltr'>quidem</span> <span class='ocrx_word' id='word_1_131' title='bbox 1078 1073 1287 1108; x_wconf 90' lang='lat' dir='ltr'>secundum</span> <span class='ocrx_word' id='word_1_132' title='bbox 1317 1085 1406 1109; x_wconf 94' lang='lat' dir='ltr'>con-</span> 
     </span>
     <span class='ocr_line' id='line_1_23' title="bbox 354 1123 1406 1171; baseline 0.001 -11"><span class='ocrx_word' id='word_1_133' title='bbox 354 1123 580 1160; x_wconf 83' lang='lat' dir='ltr'>trarietatem</span> <span class='ocrx_word' id='word_1_134' title='bbox 601 1125 850 1171; x_wconf 88' lang='lat' dir='ltr'>obiectorum,</span> <span class='ocrx_word' id='word_1_135' title='bbox 871 1125 1008 1161; x_wconf 89' lang='lat' dir='ltr'>scilicet</span> <span class='ocrx_word' id='word_1_136' title='bbox 1035 1124 1125 1160; x_wconf 87' lang='lat' dir='ltr'>boni</span> <span class='ocrx_word' id='word_1_137' title='bbox 1147 1132 1182 1161; x_wconf 92' lang='lat' dir='ltr'>et</span> <span class='ocrx_word' id='word_1_138' title='bbox 1209 1125 1314 1171; x_wconf 81' lang='lat' dir='ltr'>mali3</span> <span class='ocrx_word' id='word_1_139' title='bbox 1335 1124 1406 1162; x_wconf 90' lang='lat' dir='ltr'>alia</span> 
     </span>
     <span class='ocr_line' id='line_1_24' title="bbox 353 1177 1404 1214; baseline 0.001 -1"><span class='ocrx_word' id='word_1_140' title='bbox 353 1188 446 1213; x_wconf 85' lang='lat' dir='ltr'>vero</span> <span class='ocrx_word' id='word_1_141' title='bbox 481 1177 691 1213; x_wconf 91' lang='lat' dir='ltr'>secundum</span> <span class='ocrx_word' id='word_1_142' title='bbox 710 1189 904 1214; x_wconf 90' lang='lat' dir='ltr'>accessum</span> <span class='ocrx_word' id='word_1_143' title='bbox 925 1184 960 1213; x_wconf 92' lang='lat' dir='ltr'>et</span> <span class='ocrx_word' id='word_1_144' title='bbox 988 1189 1178 1213; x_wconf 89' lang='lat' dir='ltr'>recessum</span> <span class='ocrx_word' id='word_1_145' title='bbox 1198 1177 1245 1213; x_wconf 87' lang='lat' dir='ltr'>ab</span> <span class='ocrx_word' id='word_1_146' title='bbox 1268 1178 1404 1214; x_wconf 89' lang='lat' dir='ltr'>eodem</span> 
     </span>
     <span class='ocr_line' id='line_1_25' title="bbox 353 1229 1404 1277; baseline 0.001 -13"><span class='ocrx_word' id='word_1_147' title='bbox 353 1229 528 1267; x_wconf 91' lang='lat' dir='ltr'>termino.</span> <span class='ocrx_word' id='word_1_148' title='bbox 568 1231 611 1266; x_wconf 93' lang='lat' dir='ltr'>In</span> <span class='ocrx_word' id='word_1_149' title='bbox 638 1229 876 1277; x_wconf 85' lang='lat' dir='ltr'>passionibus</span> <span class='ocrx_word' id='word_1_150' title='bbox 914 1229 1068 1276; x_wconf 91' lang='lat' dir='ltr'>quidem</span> <span class='ocrx_word' id='word_1_151' title='bbox 1106 1230 1404 1277; x_wconf 89' lang='lat' dir='ltr'>concupiscibilis</span> 
     </span>
     <span class='ocr_line' id='line_1_26' title="bbox 352 1281 1406 1330; baseline 0 -13"><span class='ocrx_word' id='word_1_152' title='bbox 352 1281 543 1318; x_wconf 89' lang='lat' dir='ltr'>invenitur</span> <span class='ocrx_word' id='word_1_153' title='bbox 560 1282 683 1330; x_wconf 90' lang='lat' dir='ltr'>prima</span> <span class='ocrx_word' id='word_1_154' title='bbox 707 1282 945 1318; x_wconf 89' lang='lat' dir='ltr'>contrarietas</span> <span class='ocrx_word' id='word_1_155' title='bbox 964 1289 1120 1327; x_wconf 88' lang='lat' dir='ltr'>tantum,</span> <span class='ocrx_word' id='word_1_156' title='bbox 1141 1294 1239 1330; x_wconf 89' lang='lat' dir='ltr'>quae</span> <span class='ocrx_word' id='word_1_157' title='bbox 1268 1282 1406 1318; x_wconf 91' lang='lat' dir='ltr'>scilicet</span> 
     </span>
     <span class='ocr_line' id='line_1_27' title="bbox 355 1332 1405 1381; baseline -0.001 -11"><span class='ocrx_word' id='word_1_158' title='bbox 355 1340 410 1370; x_wconf 86' lang='lat' dir='ltr'>est</span> <span class='ocrx_word' id='word_1_159' title='bbox 437 1332 647 1370; x_wconf 88' lang='lat' dir='ltr'>secundum</span> <span class='ocrx_word' id='word_1_160' title='bbox 676 1334 842 1370; x_wconf 89' lang='lat' dir='ltr'>obiecta:</span> <span class='ocrx_word' id='word_1_161' title='bbox 871 1334 908 1369; x_wconf 93' lang='lat' dir='ltr'>in</span> <span class='ocrx_word' id='word_1_162' title='bbox 932 1333 1170 1381; x_wconf 88' lang='lat' dir='ltr'>passionibus</span> <span class='ocrx_word' id='word_1_163' title='bbox 1189 1342 1316 1370; x_wconf 88' lang='lat' dir='ltr'>autem</span> <span class='ocrx_word' id='word_1_164' title='bbox 1336 1334 1405 1370; x_wconf 91' lang='lat' dir='ltr'>ira-</span> 
     </span>
     <span class='ocr_line' id='line_1_28' title="bbox 353 1385 1405 1433; baseline -0.001 -11"><span class='ocrx_word' id='word_1_165' title='bbox 353 1385 489 1422; x_wconf 89' lang='lat' dir='ltr'>scibilis</span> <span class='ocrx_word' id='word_1_166' title='bbox 517 1386 703 1432; x_wconf 83' lang='lat' dir='ltr'>invenitur</span> <span class='ocrx_word' id='word_1_167' title='bbox 729 1393 887 1433; x_wconf 88' lang='lat' dir='ltr'>utraque</span> <span class='ocrx_word' id='word_1_168' title='bbox 907 1386 936 1420; x_wconf 79' lang='grc'>*.</span> <span class='ocrx_word' id='word_1_169' title='bbox 968 1385 1085 1420; x_wconf 93' lang='lat' dir='ltr'>Cuius</span> <span class='ocrx_word' id='word_1_170' title='bbox 1114 1385 1206 1420; x_wconf 90' lang='lat' dir='ltr'>ratio</span> <span class='ocrx_word' id='word_1_171' title='bbox 1237 1394 1290 1421; x_wconf 91' lang='lat' dir='ltr'>est</span> <span class='ocrx_word' id='word_1_172' title='bbox 1318 1386 1405 1433; x_wconf 91' lang='lat' dir='ltr'>quia</span> 
     </span>
     <span class='ocr_line' id='line_1_29' title="bbox 352 1437 1403 1484; baseline -0.001 -10"><span class='ocrx_word' id='word_1_173' title='bbox 352 1437 543 1474; x_wconf 80' lang='lat' dir='ltr'>obiectum</span> <span class='ocrx_word' id='word_1_174' title='bbox 573 1437 880 1484; x_wconf 91' lang='lat' dir='ltr'>concupiscibilis,</span> <span class='ocrx_word' id='word_1_175' title='bbox 909 1444 951 1472; x_wconf 93' lang='lat' dir='ltr'>ut</span> <span class='ocrx_word' id='word_1_176' title='bbox 979 1449 1092 1484; x_wconf 88' lang='lat' dir='ltr'>supra</span> <span class='ocrx_word' id='word_1_177' title='bbox 1119 1437 1139 1458; x_wconf 74' lang='lat'>&#39;¹‘</span> <span class='ocrx_word' id='word_1_178' title='bbox 1167 1437 1308 1473; x_wconf 91' lang='lat' dir='ltr'>dictum</span> <span class='ocrx_word' id='word_1_179' title='bbox 1338 1445 1403 1484; x_wconf 86' lang='lat' dir='ltr'>est,</span> 
     </span>
     <span class='ocr_line' id='line_1_30' title="bbox 353 1488 1404 1538; baseline 0.001 -13"><span class='ocrx_word' id='word_1_180' title='bbox 353 1496 408 1525; x_wconf 94' lang='lat' dir='ltr'>est</span> <span class='ocrx_word' id='word_1_181' title='bbox 426 1490 572 1525; x_wconf 93' lang='lat' dir='ltr'>bonum</span> <span class='ocrx_word' id='word_1_182' title='bbox 591 1490 654 1538; x_wconf 72' lang='lat' dir='ltr'>vel</span> <span class='ocrx_word' id='word_1_183' title='bbox 674 1490 818 1525; x_wconf 91' lang='lat' dir='ltr'>malum</span> <span class='ocrx_word' id='word_1_184' title='bbox 838 1488 1011 1525; x_wconf 84' lang='lat' dir='ltr'>sensibile</span> <span class='ocrx_word' id='word_1_185' title='bbox 1036 1489 1217 1525; x_wconf 90' lang='lat' dir='ltr'>absolute.</span> <span class='ocrx_word' id='word_1_186' title='bbox 1252 1490 1404 1526; x_wconf 90' lang='lat' dir='ltr'>Bonum</span> 
     </span>
    </p>
   </div>
   <div class='ocr_carea' id='block_1_9' title="bbox 294 1541 1404 1592">
    <p class='ocr_par' dir='ltr' id='par_1_9' title="bbox 294 1541 1404 1592">
     <span class='ocr_line' id='line_1_31' title="bbox 294 1541 1404 1592; baseline 0 -15"><span class='ocrx_word' id='word_1_187' title='bbox 294 1587 301 1592; x_wconf 21' lang='grc' dir='ltr'><strong><em>ἢ</em></strong></span> <span class='ocrx_word' id='word_1_188' title='bbox 352 1548 491 1588; x_wconf 91' lang='lat' dir='ltr'>autem,</span> <span class='ocrx_word' id='word_1_189' title='bbox 512 1541 736 1589; x_wconf 90' lang='lat' dir='ltr'>inquantum</span> <span class='ocrx_word' id='word_1_190' title='bbox 761 1542 919 1588; x_wconf 84' lang='lat' dir='ltr'>bonum,</span> <span class='ocrx_word' id='word_1_191' title='bbox 940 1553 1018 1578; x_wconf 92' lang='lat' dir='ltr'>non</span> <span class='ocrx_word' id='word_1_192' title='bbox 1036 1549 1160 1589; x_wconf 90' lang='lat' dir='ltr'>potest</span> <span class='ocrx_word' id='word_1_193' title='bbox 1180 1553 1260 1577; x_wconf 91' lang='lat' dir='ltr'>esse</span> <span class='ocrx_word' id='word_1_194' title='bbox 1280 1542 1404 1578; x_wconf 89' lang='lat' dir='ltr'>termi-</span> 
     </span>
    </p>
   </div>
   <div class='ocr_carea' id='block_1_10' title="bbox 110 2702 321 2751">
    <p class='ocr_par' dir='ltr' id='par_1_10' title="bbox 110 2702 321 2751">
     <span class='ocr_line' id='line_1_32' title="bbox 110 2702 321 2730; baseline 0 -6"><span class='ocrx_word' id='word_1_195' title='bbox 110 2703 123 2713; x_wconf 77' lang='lat'>⁴¹</span> <span class='ocrx_word' id='word_1_196' title='bbox 136 2703 188 2724; x_wconf 75' lang='lat' dir='ltr'>Art.</span> <span class='ocrx_word' id='word_1_197' title='bbox 207 2702 321 2730; x_wconf 66' lang='lat' dir='ltr'>praeced„</span> 
     </span>
     <span class='ocr_line' id='line_1_33' title="bbox 112 2729 320 2751; baseline 0 -1"><span class='ocrx_word' id='word_1_198' title='bbox 112 2729 245 2751; x_wconf 79' lang='lat' dir='ltr'>Commeat.</span> <span class='ocrx_word' id='word_1_199' title='bbox 261 2735 284 2750; x_wconf 87' lang='lat' dir='ltr'>n.</span> <span class='ocrx_word' id='word_1_200' title='bbox 295 2735 320 2750; x_wconf 84' lang='lat' dir='ltr'>u.</span> 
     </span>
    </p>
   </div>
   <div class='ocr_carea' id='block_1_11' title="bbox 350 1593 1406 1800">
    <p class='ocr_par' dir='ltr' id='par_1_11' title="bbox 350 1593 1406 1800">
     <span class='ocr_line' id='line_1_34' title="bbox 351 1593 1406 1642; baseline 0 -12"><span class='ocrx_word' id='word_1_201' title='bbox 351 1606 422 1631; x_wconf 92' lang='lat' dir='ltr'>nus</span> <span class='ocrx_word' id='word_1_202' title='bbox 440 1601 481 1630; x_wconf 90' lang='lat' dir='ltr'>ut</span> <span class='ocrx_word' id='word_1_203' title='bbox 505 1606 527 1630; x_wconf 89' lang='lat' dir='ltr'>a</span> <span class='ocrx_word' id='word_1_204' title='bbox 554 1605 642 1642; x_wconf 90' lang='lat' dir='ltr'>quo,</span> <span class='ocrx_word' id='word_1_205' title='bbox 673 1593 740 1630; x_wconf 93' lang='lat' dir='ltr'>sed</span> <span class='ocrx_word' id='word_1_206' title='bbox 768 1595 891 1630; x_wconf 91' lang='lat' dir='ltr'>solum</span> <span class='ocrx_word' id='word_1_207' title='bbox 911 1601 951 1630; x_wconf 91' lang='lat' dir='ltr'>ut</span> <span class='ocrx_word' id='word_1_208' title='bbox 971 1595 1018 1631; x_wconf 89' lang='lat' dir='ltr'>ad</span> <span class='ocrx_word' id='word_1_209' title='bbox 1047 1605 1181 1642; x_wconf 91' lang='lat' dir='ltr'>quem:</span> <span class='ocrx_word' id='word_1_210' title='bbox 1212 1594 1299 1641; x_wconf 90' lang='lat' dir='ltr'>quia</span> <span class='ocrx_word' id='word_1_211' title='bbox 1318 1594 1406 1631; x_wconf 88' lang='lat' dir='ltr'>nihil</span> 
     </span>
     <span class='ocr_line' id='line_1_35' title="bbox 351 1646 1405 1694; baseline -0.001 -11"><span class='ocrx_word' id='word_1_212' title='bbox 351 1647 483 1694; x_wconf 84' lang='lat' dir='ltr'>refugit</span> <span class='ocrx_word' id='word_1_213' title='bbox 510 1647 656 1683; x_wconf 88' lang='lat' dir='ltr'>bonurn</span> <span class='ocrx_word' id='word_1_214' title='bbox 675 1646 899 1694; x_wconf 86' lang='lat' dir='ltr'>inquantum</span> <span class='ocrx_word' id='word_1_215' title='bbox 917 1647 1075 1693; x_wconf 90' lang='lat' dir='ltr'>bonum,</span> <span class='ocrx_word' id='word_1_216' title='bbox 1097 1646 1164 1683; x_wconf 92' lang='lat' dir='ltr'>sed</span> <span class='ocrx_word' id='word_1_217' title='bbox 1184 1646 1313 1682; x_wconf 86' lang='lat' dir='ltr'>onmia</span> <span class='ocrx_word' id='word_1_218' title='bbox 1341 1659 1405 1694; x_wconf 90' lang='lat' dir='ltr'>ap-</span> 
     </span>
     <span class='ocr_line' id='line_1_36' title="bbox 350 1699 1405 1748; baseline -0.001 -12"><span class='ocrx_word' id='word_1_219' title='bbox 350 1707 483 1747; x_wconf 89' lang='lat' dir='ltr'>petunt</span> <span class='ocrx_word' id='word_1_220' title='bbox 509 1699 646 1748; x_wconf 89' lang='lat' dir='ltr'>ipsum.</span> <span class='ocrx_word' id='word_1_221' title='bbox 677 1699 852 1735; x_wconf 88' lang='lat' dir='ltr'>Similiter</span> <span class='ocrx_word' id='word_1_222' title='bbox 879 1699 968 1736; x_wconf 89' lang='lat' dir='ltr'>nihil</span> <span class='ocrx_word' id='word_1_223' title='bbox 1005 1699 1146 1748; x_wconf 89' lang='lat' dir='ltr'>appetit</span> <span class='ocrx_word' id='word_1_224' title='bbox 1173 1700 1316 1735; x_wconf 88' lang='lat' dir='ltr'>malum</span> <span class='ocrx_word' id='word_1_225' title='bbox 1351 1699 1405 1735; x_wconf 91' lang='lat' dir='ltr'>in—</span> 
     </span>
     <span class='ocr_line' id='line_1_37' title="bbox 351 1751 1402 1800; baseline -0.001 -12"><span class='ocrx_word' id='word_1_226' title='bbox 351 1759 534 1800; x_wconf 89' lang='lat' dir='ltr'>quantum</span> <span class='ocrx_word' id='word_1_227' title='bbox 561 1751 796 1798; x_wconf 79' lang='lat' dir='ltr'>huiusmodi‚</span> <span class='ocrx_word' id='word_1_228' title='bbox 828 1752 894 1788; x_wconf 90' lang='lat' dir='ltr'>sed</span> <span class='ocrx_word' id='word_1_229' title='bbox 923 1752 1052 1788; x_wconf 89' lang='lat' dir='ltr'>omnia</span> <span class='ocrx_word' id='word_1_230' title='bbox 1086 1751 1231 1799; x_wconf 87' lang='lat' dir='ltr'>fugiunt</span> <span class='ocrx_word' id='word_1_231' title='bbox 1257 1751 1402 1800; x_wconf 92' lang='lat' dir='ltr'>ipsum:</span> 
     </span>
    </p>
   </div>
   <div class='ocr_carea' id='block_1_12' title="bbox 1430 396 1437 1748">
    <p class='ocr_par' dir='ltr' id='par_1_12' title="bbox 1430 396 1437 1748">
     <span class='ocr_line' id='line_1_38' title="bbox 1430 396 1437 1748; baseline 0 0"><span class='ocrx_word' id='word_1_232' title='bbox 1430 396 1437 1748; x_wconf 95' lang='lat' dir='ltr'> </span> 
     </span>
    </p>
   </div>
   <div class='ocr_carea' id='block_1_13' title="bbox 2445 263 2512 309">
    <p class='ocr_par' dir='ltr' id='par_1_13' title="bbox 2445 263 2512 309">
     <span class='ocr_line' id='line_1_39' title="bbox 2445 263 2512 309; baseline 0.015 -12"><span class='ocrx_word' id='word_1_233' title='bbox 2445 263 2512 309; x_wconf 87' lang='lat'>175</span> 
     </span>
    </p>
   </div>
   <div class='ocr_carea' id='block_1_14' title="bbox 1461 338 2514 649">
    <p class='ocr_par' dir='ltr' id='par_1_14' title="bbox 1461 338 2514 649">
     <span class='ocr_line' id='line_1_40' title="bbox 1464 338 2514 386; baseline 0.005 -13"><span class='ocrx_word' id='word_1_234' title='bbox 1464 344 1499 373; x_wconf 92' lang='lat' dir='ltr'>et</span> <span class='ocrx_word' id='word_1_235' title='bbox 1524 344 1678 386; x_wconf 90' lang='lat' dir='ltr'>propter</span> <span class='ocrx_word' id='word_1_236' title='bbox 1705 338 1789 385; x_wconf 83' lang='lat' dir='ltr'>hoc,</span> <span class='ocrx_word' id='word_1_237' title='bbox 1811 339 1954 374; x_wconf 90' lang='lat' dir='ltr'>malurn</span> <span class='ocrx_word' id='word_1_238' title='bbox 1983 351 2060 375; x_wconf 91' lang='lat' dir='ltr'>non</span> <span class='ocrx_word' id='word_1_239' title='bbox 2088 340 2201 376; x_wconf 89' lang='lat' dir='ltr'>habet</span> <span class='ocrx_word' id='word_1_240' title='bbox 2230 341 2413 378; x_wconf 86' lang='lat' dir='ltr'>rationem</span> <span class='ocrx_word' id='word_1_241' title='bbox 2441 348 2514 378; x_wconf 89' lang='lat' dir='ltr'>ter-</span> 
     </span>
     <span class='ocr_line' id='line_1_41' title="bbox 1461 389 2512 441; baseline 0.004 -15"><span class='ocrx_word' id='word_1_242' title='bbox 1461 389 1552 426; x_wconf 91' lang='lat' dir='ltr'>mini</span> <span class='ocrx_word' id='word_1_243' title='bbox 1580 390 1627 426; x_wconf 89' lang='lat' dir='ltr'>ad</span> <span class='ocrx_word' id='word_1_244' title='bbox 1656 402 1782 438; x_wconf 90' lang='lat' dir='ltr'>quem,</span> <span class='ocrx_word' id='word_1_245' title='bbox 1803 391 1870 427; x_wconf 92' lang='lat' dir='ltr'>sed</span> <span class='ocrx_word' id='word_1_246' title='bbox 1898 391 2021 427; x_wconf 90' lang='lat' dir='ltr'>solum</span> <span class='ocrx_word' id='word_1_247' title='bbox 2049 392 2197 428; x_wconf 88' lang='lat' dir='ltr'>termini</span> <span class='ocrx_word' id='word_1_248' title='bbox 2217 405 2238 429; x_wconf 92' lang='lat' dir='ltr'>a</span> <span class='ocrx_word' id='word_1_249' title='bbox 2258 405 2346 440; x_wconf 92' lang='lat' dir='ltr'>quo.</span> <span class='ocrx_word' id='word_1_250' title='bbox 2370 394 2430 430; x_wconf 91' lang='lat' dir='ltr'>Sic</span> <span class='ocrx_word' id='word_1_251' title='bbox 2449 394 2512 441; x_wconf 90' lang='lat' dir='ltr'>igi-</span> 
     </span>
     <span class='ocr_line' id='line_1_42' title="bbox 1461 442 2510 493; baseline 0.004 -15"><span class='ocrx_word' id='word_1_252' title='bbox 1461 449 1520 478; x_wconf 91' lang='lat' dir='ltr'>tur</span> <span class='ocrx_word' id='word_1_253' title='bbox 1547 442 1671 479; x_wconf 88' lang='lat' dir='ltr'>omnis</span> <span class='ocrx_word' id='word_1_254' title='bbox 1698 443 1825 490; x_wconf 89' lang='lat' dir='ltr'>passio</span> <span class='ocrx_word' id='word_1_255' title='bbox 1863 444 2163 491; x_wconf 88' lang='lat' dir='ltr'>concupiscibilis</span> <span class='ocrx_word' id='word_1_256' title='bbox 2192 453 2362 493; x_wconf 89' lang='lat' dir='ltr'>respectu</span> <span class='ocrx_word' id='word_1_257' title='bbox 2399 446 2510 492; x_wconf 87' lang='lat' dir='ltr'>boni,</span> 
     </span>
     <span class='ocr_line' id='line_1_43' title="bbox 1462 495 2511 544; baseline 0.003 -13"><span class='ocrx_word' id='word_1_258' title='bbox 1462 502 1516 531; x_wconf 91' lang='lat' dir='ltr'>est</span> <span class='ocrx_word' id='word_1_259' title='bbox 1543 502 1584 531; x_wconf 90' lang='lat' dir='ltr'>ut</span> <span class='ocrx_word' id='word_1_260' title='bbox 1610 495 1648 531; x_wconf 92' lang='lat' dir='ltr'>in</span> <span class='ocrx_word' id='word_1_261' title='bbox 1676 495 1812 543; x_wconf 82' lang='lat' dir='ltr'>ipsum,</span> <span class='ocrx_word' id='word_1_262' title='bbox 1843 495 1937 532; x_wconf 89' lang='lat' dir='ltr'>sicut</span> <span class='ocrx_word' id='word_1_263' title='bbox 1965 508 2084 542; x_wconf 86' lang='lat' dir='ltr'>amor,</span> <span class='ocrx_word' id='word_1_264' title='bbox 2106 497 2331 533; x_wconf 90' lang='lat' dir='ltr'>desiderium</span> <span class='ocrx_word' id='word_1_265' title='bbox 2361 505 2396 533; x_wconf 89' lang='lat' dir='ltr'>et</span> <span class='ocrx_word' id='word_1_266' title='bbox 2423 510 2511 544; x_wconf 88' lang='lat' dir='ltr'>gau-</span> 
     </span>
     <span class='ocr_line' id='line_1_44' title="bbox 1463 547 2510 598; baseline 0.003 -15"><span class='ocrx_word' id='word_1_267' title='bbox 1463 547 1587 584; x_wconf 90' lang='lat' dir='ltr'>dium:</span> <span class='ocrx_word' id='word_1_268' title='bbox 1617 547 1740 584; x_wconf 91' lang='lat' dir='ltr'>omnis</span> <span class='ocrx_word' id='word_1_269' title='bbox 1766 560 1860 584; x_wconf 91' lang='lat' dir='ltr'>vero</span> <span class='ocrx_word' id='word_1_270' title='bbox 1894 548 2019 596; x_wconf 88' lang='lat' dir='ltr'>passio</span> <span class='ocrx_word' id='word_1_271' title='bbox 2055 549 2134 585; x_wconf 91' lang='lat' dir='ltr'>eius</span> <span class='ocrx_word' id='word_1_272' title='bbox 2153 554 2168 577; x_wconf 74' lang='grc' dir='ltr'><strong>Ὺ</strong></span> <span class='ocrx_word' id='word_1_273' title='bbox 2197 557 2370 597; x_wconf 92' lang='lat' dir='ltr'>respectu</span> <span class='ocrx_word' id='word_1_274' title='bbox 2402 550 2510 598; x_wconf 85' lang='lat' dir='ltr'>mali,</span> 
     </span>
     <span class='ocr_line' id='line_1_45' title="bbox 1462 600 2510 649; baseline 0.002 -13"><span class='ocrx_word' id='word_1_275' title='bbox 1462 608 1518 636; x_wconf 91' lang='lat' dir='ltr'>est</span> <span class='ocrx_word' id='word_1_276' title='bbox 1543 608 1584 637; x_wconf 94' lang='lat' dir='ltr'>ut</span> <span class='ocrx_word' id='word_1_277' title='bbox 1612 601 1660 636; x_wconf 90' lang='lat' dir='ltr'>ab</span> <span class='ocrx_word' id='word_1_278' title='bbox 1679 600 1774 648; x_wconf 90' lang='lat' dir='ltr'>ipso,</span> <span class='ocrx_word' id='word_1_279' title='bbox 1795 601 1889 636; x_wconf 92' lang='lat' dir='ltr'>sicut</span> <span class='ocrx_word' id='word_1_280' title='bbox 1908 601 2051 646; x_wconf 86' lang='lat' dir='ltr'>odium,</span> <span class='ocrx_word' id='word_1_281' title='bbox 2072 601 2158 648; x_wconf 85' lang='lat' dir='ltr'>fuga</span> <span class='ocrx_word' id='word_1_282' title='bbox 2178 613 2245 637; x_wconf 92' lang='lat' dir='ltr'>seu</span> <span class='ocrx_word' id='word_1_283' title='bbox 2265 601 2510 649; x_wconf 79' lang='lat' dir='ltr'>abominatio,</span> 
     </span>
    </p>
   </div>
   <div class='ocr_carea' id='block_1_15' title="bbox 1461 652 2546 702">
    <p class='ocr_par' dir='ltr' id='par_1_15' title="bbox 1461 652 2546 702">
     <span class='ocr_line' id='line_1_46' title="bbox 1461 652 2546 702; baseline 0.002 -13"><span class='ocrx_word' id='word_1_284' title='bbox 1461 660 1497 689; x_wconf 90' lang='lat' dir='ltr'>et</span> <span class='ocrx_word' id='word_1_285' title='bbox 1510 652 1663 689; x_wconf 87' lang='lat' dir='ltr'>tristitia.</span> <span class='ocrx_word' id='word_1_286' title='bbox 1685 653 1795 690; x_wconf 89' lang='lat' dir='ltr'>Unde</span> <span class='ocrx_word' id='word_1_287' title='bbox 1814 653 1851 689; x_wconf 92' lang='lat' dir='ltr'>in</span> <span class='ocrx_word' id='word_1_288' title='bbox 1867 653 2106 701; x_wconf 87' lang='lat' dir='ltr'>passionibus</span> <span class='ocrx_word' id='word_1_289' title='bbox 2122 653 2419 702; x_wconf 88' lang='lat' dir='ltr'>concupiscibilis</span> <span class='ocrx_word' id='word_1_290' title='bbox 2435 666 2512 690; x_wconf 91' lang='lat' dir='ltr'>non</span> <span class='ocrx_word' id='word_1_291' title='bbox 2544 691 2546 693; x_wconf 70' lang='grc'><strong>,</strong></span> 
     </span>
    </p>
   </div>
   <div class='ocr_carea' id='block_1_16' title="bbox 1457 706 2512 1800">
    <p class='ocr_par' dir='ltr' id='par_1_16' title="bbox 1459 706 2512 794">
     <span class='ocr_line' id='line_1_47' title="bbox 1459 706 2512 753; baseline 0.001 -12"><span class='ocrx_word' id='word_1_292' title='bbox 1459 713 1583 753; x_wconf 90' lang='lat' dir='ltr'>potest</span> <span class='ocrx_word' id='word_1_293' title='bbox 1617 717 1697 742; x_wconf 92' lang='lat' dir='ltr'>esse</span> <span class='ocrx_word' id='word_1_294' title='bbox 1735 706 1975 742; x_wconf 90' lang='lat' dir='ltr'>contrarietas</span> <span class='ocrx_word' id='word_1_295' title='bbox 2011 706 2222 742; x_wconf 90' lang='lat' dir='ltr'>secundum</span> <span class='ocrx_word' id='word_1_296' title='bbox 2252 718 2447 742; x_wconf 90' lang='lat' dir='ltr'>accessum</span> <span class='ocrx_word' id='word_1_297' title='bbox 2477 714 2512 742; x_wconf 93' lang='lat' dir='ltr'>et</span> 
     </span>
     <span class='ocr_line' id='line_1_48' title="bbox 1459 758 2084 794; baseline 0.002 -1"><span class='ocrx_word' id='word_1_298' title='bbox 1459 769 1650 794; x_wconf 89' lang='lat' dir='ltr'>recessum</span> <span class='ocrx_word' id='word_1_299' title='bbox 1680 758 1727 794; x_wconf 92' lang='lat' dir='ltr'>ab</span> <span class='ocrx_word' id='word_1_300' title='bbox 1757 758 1894 794; x_wconf 90' lang='lat' dir='ltr'>eodem</span> <span class='ocrx_word' id='word_1_301' title='bbox 1923 758 2084 794; x_wconf 89' lang='lat' dir='ltr'>obiecto.</span> 
     </span>
    </p>

    <p class='ocr_par' dir='ltr' id='par_1_17' title="bbox 1457 810 2512 1745">
     <span class='ocr_line' id='line_1_49' title="bbox 1513 810 2512 847; baseline 0 -1"><span class='ocrx_word' id='word_1_302' title='bbox 1513 810 1590 846; x_wconf 89' lang='lat' dir='ltr'>Sed</span> <span class='ocrx_word' id='word_1_303' title='bbox 1619 810 1808 846; x_wconf 91' lang='lat' dir='ltr'>obiectum</span> <span class='ocrx_word' id='word_1_304' title='bbox 1845 810 2037 847; x_wconf 89' lang='lat' dir='ltr'>irascibilis</span> <span class='ocrx_word' id='word_1_305' title='bbox 2072 817 2127 846; x_wconf 90' lang='lat' dir='ltr'>est</span> <span class='ocrx_word' id='word_1_306' title='bbox 2159 810 2333 847; x_wconf 91' lang='lat' dir='ltr'>sensibile</span> <span class='ocrx_word' id='word_1_307' title='bbox 2366 811 2512 847; x_wconf 91' lang='lat' dir='ltr'>bonum</span> 
     </span>
     <span class='ocr_line' id='line_1_50' title="bbox 1459 862 2510 911; baseline 0.001 -13"><span class='ocrx_word' id='word_1_308' title='bbox 1459 863 1520 899; x_wconf 89' lang='lat' dir='ltr'>vel</span> <span class='ocrx_word' id='word_1_309' title='bbox 1540 863 1697 908; x_wconf 87' lang='lat' dir='ltr'>malum,</span> <span class='ocrx_word' id='word_1_310' title='bbox 1718 875 1796 899; x_wconf 92' lang='lat' dir='ltr'>non</span> <span class='ocrx_word' id='word_1_311' title='bbox 1817 863 1970 911; x_wconf 90' lang='lat' dir='ltr'>quidem</span> <span class='ocrx_word' id='word_1_312' title='bbox 1991 863 2171 909; x_wconf 85' lang='lat' dir='ltr'>absolute,</span> <span class='ocrx_word' id='word_1_313' title='bbox 2189 863 2256 899; x_wconf 93' lang='lat' dir='ltr'>sed</span> <span class='ocrx_word' id='word_1_314' title='bbox 2276 863 2346 899; x_wconf 92' lang='lat' dir='ltr'>sub</span> <span class='ocrx_word' id='word_1_315' title='bbox 2367 862 2510 899; x_wconf 90' lang='lat' dir='ltr'>ratione</span> 
     </span>
     <span class='ocr_line' id='line_1_51' title="bbox 1460 914 2510 964; baseline 0 -13"><span class='ocrx_word' id='word_1_316' title='bbox 1460 914 1684 952; x_wconf 88' lang='lat' dir='ltr'>difficultatis</span> <span class='ocrx_word' id='word_1_317' title='bbox 1711 915 1773 951; x_wconf 86' lang='lat' dir='ltr'>vel</span> <span class='ocrx_word' id='word_1_318' title='bbox 1801 915 2001 961; x_wconf 82' lang='lat' dir='ltr'>arduitatis,</span> <span class='ocrx_word' id='word_1_319' title='bbox 2021 923 2063 952; x_wconf 92' lang='lat' dir='ltr'>ut</span> <span class='ocrx_word' id='word_1_320' title='bbox 2090 927 2204 964; x_wconf 89' lang='lat' dir='ltr'>supra</span> <span class='ocrx_word' id='word_1_321' title='bbox 2222 915 2242 937; x_wconf 73' lang='lat'>&#39;¹‘</span> <span class='ocrx_word' id='word_1_322' title='bbox 2274 915 2415 952; x_wconf 79' lang='lat' dir='ltr'>dictum</span> <span class='ocrx_word' id='word_1_323' title='bbox 2444 922 2510 951; x_wconf 91' lang='lat' dir='ltr'>est.</span> 
     </span>
     <span class='ocr_line' id='line_1_52' title="bbox 1459 967 2511 1004; baseline 0.001 -1"><span class='ocrx_word' id='word_1_324' title='bbox 1459 969 1611 1003; x_wconf 90' lang='lat' dir='ltr'>Bonum</span> <span class='ocrx_word' id='word_1_325' title='bbox 1628 970 1766 1003; x_wconf 82' lang='lat' dir='ltr'>&#39;autem</span> <span class='ocrx_word' id='word_1_326' title='bbox 1791 967 1953 1003; x_wconf 89' lang='lat' dir='ltr'>arduum</span> <span class='ocrx_word' id='word_1_327' title='bbox 1974 967 2054 1003; x_wconf 91' lang='lat' dir='ltr'>sive</span> <span class='ocrx_word' id='word_1_328' title='bbox 2088 967 2236 1004; x_wconf 90' lang='lat' dir='ltr'>difficile</span> <span class='ocrx_word' id='word_1_329' title='bbox 2270 968 2384 1004; x_wconf 88' lang='lat' dir='ltr'>habet</span> <span class='ocrx_word' id='word_1_330' title='bbox 2403 967 2511 1003; x_wconf 86' lang='lat' dir='ltr'>ratio-</span> 
     </span>
     <span class='ocr_line' id='line_1_53' title="bbox 1459 1019 2510 1068; baseline 0.001 -13"><span class='ocrx_word' id='word_1_331' title='bbox 1459 1032 1549 1056; x_wconf 90' lang='lat' dir='ltr'>nem</span> <span class='ocrx_word' id='word_1_332' title='bbox 1568 1027 1609 1055; x_wconf 90' lang='lat' dir='ltr'>ut</span> <span class='ocrx_word' id='word_1_333' title='bbox 1627 1019 1664 1055; x_wconf 90' lang='lat' dir='ltr'>in</span> <span class='ocrx_word' id='word_1_334' title='bbox 1686 1019 1808 1067; x_wconf 88' lang='lat' dir='ltr'>ipsum</span> <span class='ocrx_word' id='word_1_335' title='bbox 1830 1020 2013 1066; x_wconf 73' lang='lat' dir='ltr'>tendatur,</span> <span class='ocrx_word' id='word_1_336' title='bbox 2035 1020 2258 1068; x_wconf 87' lang='lat' dir='ltr'>inquantum</span> <span class='ocrx_word' id='word_1_337' title='bbox 2278 1028 2333 1056; x_wconf 90' lang='lat' dir='ltr'>est</span> <span class='ocrx_word' id='word_1_338' title='bbox 2350 1021 2510 1066; x_wconf 85' lang='lat' dir='ltr'>bonum,</span> 
     </span>
     <span class='ocr_line' id='line_1_54' title="bbox 1458 1070 2510 1120; baseline 0 -12"><span class='ocrx_word' id='word_1_339' title='bbox 1458 1072 1562 1120; x_wconf 92' lang='lat' dir='ltr'>quod</span> <span class='ocrx_word' id='word_1_340' title='bbox 1590 1072 1751 1119; x_wconf 89' lang='lat' dir='ltr'>pertinet</span> <span class='ocrx_word' id='word_1_341' title='bbox 1777 1070 1825 1108; x_wconf 93' lang='lat' dir='ltr'>ad</span> <span class='ocrx_word' id='word_1_342' title='bbox 1853 1072 2068 1120; x_wconf 91' lang='lat' dir='ltr'>passionem</span> <span class='ocrx_word' id='word_1_343' title='bbox 2090 1073 2190 1120; x_wconf 90' lang='lat' dir='ltr'>spei;</span> <span class='ocrx_word' id='word_1_344' title='bbox 2221 1080 2257 1109; x_wconf 89' lang='lat' dir='ltr'>et</span> <span class='ocrx_word' id='word_1_345' title='bbox 2283 1080 2325 1109; x_wconf 93' lang='lat' dir='ltr'>ut</span> <span class='ocrx_word' id='word_1_346' title='bbox 2351 1073 2399 1109; x_wconf 90' lang='lat' dir='ltr'>ab</span> <span class='ocrx_word' id='word_1_347' title='bbox 2427 1072 2510 1120; x_wconf 88' lang='lat' dir='ltr'>ipso</span> 
     </span>
     <span class='ocr_line' id='line_1_55' title="bbox 1459 1124 2508 1172; baseline 0 -12"><span class='ocrx_word' id='word_1_348' title='bbox 1459 1125 1674 1170; x_wconf 89' lang='lat' dir='ltr'>recedatur,</span> <span class='ocrx_word' id='word_1_349' title='bbox 1704 1124 1927 1172; x_wconf 88' lang='lat' dir='ltr'>inquantum</span> <span class='ocrx_word' id='word_1_350' title='bbox 1962 1133 2017 1161; x_wconf 92' lang='lat' dir='ltr'>est</span> <span class='ocrx_word' id='word_1_351' title='bbox 2051 1125 2212 1161; x_wconf 88' lang='lat' dir='ltr'>arduum</span> <span class='ocrx_word' id='word_1_352' title='bbox 2244 1126 2305 1161; x_wconf 89' lang='lat' dir='ltr'>vel</span> <span class='ocrx_word' id='word_1_353' title='bbox 2339 1125 2508 1171; x_wconf 87' lang='lat' dir='ltr'>difficile,</span> 
     </span>
     <span class='ocr_line' id='line_1_56' title="bbox 1459 1177 2511 1225; baseline 0 -12"><span class='ocrx_word' id='word_1_354' title='bbox 1459 1177 1563 1225; x_wconf 91' lang='lat' dir='ltr'>quod</span> <span class='ocrx_word' id='word_1_355' title='bbox 1591 1177 1748 1225; x_wconf 89' lang='lat' dir='ltr'>pertinet</span> <span class='ocrx_word' id='word_1_356' title='bbox 1775 1177 1824 1213; x_wconf 89' lang='lat' dir='ltr'>ad</span> <span class='ocrx_word' id='word_1_357' title='bbox 1850 1177 2068 1224; x_wconf 88' lang='lat' dir='ltr'>passionem</span> <span class='ocrx_word' id='word_1_358' title='bbox 2098 1177 2378 1225; x_wconf 87' lang='lat' dir='ltr'>desperationis.</span> <span class='ocrx_word' id='word_1_359' title='bbox 2401 1177 2511 1213; x_wconf 90' lang='lat' dir='ltr'>Simi-</span> 
     </span>
     <span class='ocr_line' id='line_1_57' title="bbox 1458 1229 2509 1276; baseline 0 -11"><span class='ocrx_word' id='word_1_360' title='bbox 1458 1230 1540 1266; x_wconf 91' lang='lat' dir='ltr'>liter</span> <span class='ocrx_word' id='word_1_361' title='bbox 1567 1230 1710 1265; x_wconf 90' lang='lat' dir='ltr'>malum</span> <span class='ocrx_word' id='word_1_362' title='bbox 1739 1230 1901 1266; x_wconf 89' lang='lat' dir='ltr'>arduum</span> <span class='ocrx_word' id='word_1_363' title='bbox 1929 1230 2042 1266; x_wconf 92' lang='lat' dir='ltr'>habet</span> <span class='ocrx_word' id='word_1_364' title='bbox 2070 1230 2254 1266; x_wconf 90' lang='lat' dir='ltr'>rationem</span> <span class='ocrx_word' id='word_1_365' title='bbox 2286 1237 2328 1266; x_wconf 94' lang='lat' dir='ltr'>ut</span> <span class='ocrx_word' id='word_1_366' title='bbox 2354 1229 2509 1276; x_wconf 86' lang='lat' dir='ltr'>vitetur,</span> 
     </span>
     <span class='ocr_line' id='line_1_58' title="bbox 1458 1282 2511 1331; baseline 0 -13"><span class='ocrx_word' id='word_1_367' title='bbox 1458 1282 1681 1329; x_wconf 88' lang='lat' dir='ltr'>inquantum</span> <span class='ocrx_word' id='word_1_368' title='bbox 1702 1290 1757 1318; x_wconf 92' lang='lat' dir='ltr'>est</span> <span class='ocrx_word' id='word_1_369' title='bbox 1784 1283 1939 1328; x_wconf 87' lang='lat' dir='ltr'>malum,</span> <span class='ocrx_word' id='word_1_370' title='bbox 1962 1290 1996 1318; x_wconf 92' lang='lat' dir='ltr'>et</span> <span class='ocrx_word' id='word_1_371' title='bbox 2023 1283 2097 1318; x_wconf 91' lang='lat' dir='ltr'>hoc</span> <span class='ocrx_word' id='word_1_372' title='bbox 2115 1282 2275 1331; x_wconf 90' lang='lat' dir='ltr'>pertinet</span> <span class='ocrx_word' id='word_1_373' title='bbox 2302 1282 2350 1318; x_wconf 90' lang='lat' dir='ltr'>ad</span> <span class='ocrx_word' id='word_1_374' title='bbox 2368 1282 2511 1330; x_wconf 90' lang='lat' dir='ltr'>passio-</span> 
     </span>
     <span class='ocr_line' id='line_1_59' title="bbox 1459 1334 2511 1382; baseline 0 -12"><span class='ocrx_word' id='word_1_375' title='bbox 1459 1347 1547 1370; x_wconf 89' lang='lat' dir='ltr'>nem</span> <span class='ocrx_word' id='word_1_376' title='bbox 1575 1334 1738 1370; x_wconf 89' lang='lat' dir='ltr'>timoris:</span> <span class='ocrx_word' id='word_1_377' title='bbox 1768 1334 1882 1370; x_wconf 92' lang='lat' dir='ltr'>habet</span> <span class='ocrx_word' id='word_1_378' title='bbox 1910 1334 2022 1370; x_wconf 88' lang='lat' dir='ltr'>etiam</span> <span class='ocrx_word' id='word_1_379' title='bbox 2042 1334 2226 1371; x_wconf 89' lang='lat' dir='ltr'>rationem</span> <span class='ocrx_word' id='word_1_380' title='bbox 2255 1342 2296 1371; x_wconf 88' lang='lat' dir='ltr'>ut</span> <span class='ocrx_word' id='word_1_381' title='bbox 2322 1334 2360 1371; x_wconf 91' lang='lat' dir='ltr'>in</span> <span class='ocrx_word' id='word_1_382' title='bbox 2386 1334 2511 1382; x_wconf 91' lang='lat' dir='ltr'>ipsum</span> 
     </span>
     <span class='ocr_line' id='line_1_60' title="bbox 1458 1386 2511 1435; baseline 0.001 -13"><span class='ocrx_word' id='word_1_383' title='bbox 1458 1387 1652 1432; x_wconf 85' lang='lat' dir='ltr'>tendatur,</span> <span class='ocrx_word' id='word_1_384' title='bbox 1683 1386 1775 1422; x_wconf 87' lang='lat' dir='ltr'>sicut</span> <span class='ocrx_word' id='word_1_385' title='bbox 1802 1386 1839 1422; x_wconf 92' lang='lat' dir='ltr'>in</span> <span class='ocrx_word' id='word_1_386' title='bbox 1868 1387 2063 1435; x_wconf 90' lang='lat' dir='ltr'>quoddam</span> <span class='ocrx_word' id='word_1_387' title='bbox 2100 1387 2279 1434; x_wconf 82' lang='lat' dir='ltr'>arduum,</span> <span class='ocrx_word' id='word_1_388' title='bbox 2305 1399 2374 1435; x_wconf 92' lang='lat' dir='ltr'>per</span> <span class='ocrx_word' id='word_1_389' title='bbox 2407 1387 2511 1434; x_wconf 91' lang='lat' dir='ltr'>quod</span> 
     </span>
     <span class='ocr_line' id='line_1_61' title="bbox 1459 1438 2511 1486; baseline 0.002 -13"><span class='ocrx_word' id='word_1_390' title='bbox 1459 1438 1596 1474; x_wconf 90' lang='lat' dir='ltr'>scilicet</span> <span class='ocrx_word' id='word_1_391' title='bbox 1623 1438 1761 1486; x_wconf 87' lang='lat' dir='ltr'>aliquid</span> <span class='ocrx_word' id='word_1_392' title='bbox 1796 1440 1922 1475; x_wconf 88' lang='lat' dir='ltr'>evadit</span> <span class='ocrx_word' id='word_1_393' title='bbox 1954 1439 2227 1475; x_wconf 89' lang='lat' dir='ltr'>subiectionem</span> <span class='ocrx_word' id='word_1_394' title='bbox 2257 1439 2365 1486; x_wconf 89' lang='lat' dir='ltr'>mali,</span> <span class='ocrx_word' id='word_1_395' title='bbox 2396 1447 2431 1475; x_wconf 89' lang='lat' dir='ltr'>et</span> <span class='ocrx_word' id='word_1_396' title='bbox 2459 1439 2511 1475; x_wconf 91' lang='lat' dir='ltr'>sic</span> 
     </span>
     <span class='ocr_line' id='line_1_62' title="bbox 1457 1490 2511 1540; baseline 0.003 -15"><span class='ocrx_word' id='word_1_397' title='bbox 1457 1490 1576 1526; x_wconf 91' lang='lat' dir='ltr'>tendit</span> <span class='ocrx_word' id='word_1_398' title='bbox 1606 1490 1645 1526; x_wconf 93' lang='lat' dir='ltr'>in</span> <span class='ocrx_word' id='word_1_399' title='bbox 1671 1490 1796 1538; x_wconf 89' lang='lat' dir='ltr'>ipsum</span> <span class='ocrx_word' id='word_1_400' title='bbox 1826 1491 1993 1527; x_wconf 89' lang='lat' dir='ltr'>audacia.</span> <span class='ocrx_word' id='word_1_401' title='bbox 2024 1492 2216 1528; x_wconf 88' lang='lat' dir='ltr'>Invenitur</span> <span class='ocrx_word' id='word_1_402' title='bbox 2244 1504 2332 1539; x_wconf 88' lang='lat' dir='ltr'>ergo</span> <span class='ocrx_word' id='word_1_403' title='bbox 2361 1492 2399 1528; x_wconf 92' lang='lat' dir='ltr'>in</span> <span class='ocrx_word' id='word_1_404' title='bbox 2426 1504 2511 1540; x_wconf 91' lang='lat' dir='ltr'>pas—</span> 
     </span>
     <span class='ocr_line' id='line_1_63' title="bbox 1458 1542 2511 1581; baseline 0.003 -4"><span class='ocrx_word' id='word_1_405' title='bbox 1458 1542 1623 1578; x_wconf 90' lang='lat' dir='ltr'>sionibus</span> <span class='ocrx_word' id='word_1_406' title='bbox 1651 1542 1842 1578; x_wconf 86' lang='lat' dir='ltr'>irascibilis</span> <span class='ocrx_word' id='word_1_407' title='bbox 1871 1544 2110 1580; x_wconf 89' lang='lat' dir='ltr'>contrarietas</span> <span class='ocrx_word' id='word_1_408' title='bbox 2130 1545 2338 1581; x_wconf 89' lang='lat' dir='ltr'>secundum</span> <span class='ocrx_word' id='word_1_409' title='bbox 2367 1552 2511 1580; x_wconf 91' lang='lat' dir='ltr'>contra-</span> 
     </span>
     <span class='ocr_line' id='line_1_64' title="bbox 1459 1594 2510 1644; baseline 0.003 -14"><span class='ocrx_word' id='word_1_410' title='bbox 1459 1594 1629 1630; x_wconf 88' lang='lat' dir='ltr'>rietatem</span> <span class='ocrx_word' id='word_1_411' title='bbox 1658 1594 1749 1630; x_wconf 90' lang='lat' dir='ltr'>boni</span> <span class='ocrx_word' id='word_1_412' title='bbox 1782 1602 1817 1630; x_wconf 90' lang='lat' dir='ltr'>et</span> <span class='ocrx_word' id='word_1_413' title='bbox 1843 1595 1942 1641; x_wconf 89' lang='lat' dir='ltr'>mali,</span> <span class='ocrx_word' id='word_1_414' title='bbox 1964 1595 2057 1632; x_wconf 88' lang='lat' dir='ltr'>sicut</span> <span class='ocrx_word' id='word_1_415' title='bbox 2084 1597 2179 1632; x_wconf 89' lang='lat' dir='ltr'>inter</span> <span class='ocrx_word' id='word_1_416' title='bbox 2202 1609 2309 1644; x_wconf 92' lang='lat' dir='ltr'>spem</span> <span class='ocrx_word' id='word_1_417' title='bbox 2339 1603 2374 1632; x_wconf 88' lang='lat' dir='ltr'>et</span> <span class='ocrx_word' id='word_1_418' title='bbox 2401 1596 2510 1632; x_wconf 92' lang='lat' dir='ltr'>timo-</span> 
     </span>
     <span class='ocr_line' id='line_1_65' title="bbox 1460 1646 2508 1696; baseline 0.004 -15"><span class='ocrx_word' id='word_1_419' title='bbox 1460 1659 1556 1682; x_wconf 87' lang='lat' dir='ltr'>rem:</span> <span class='ocrx_word' id='word_1_420' title='bbox 1574 1654 1609 1682; x_wconf 94' lang='lat' dir='ltr'>et</span> <span class='ocrx_word' id='word_1_421' title='bbox 1623 1646 1758 1696; x_wconf 80' lang='lat' dir='ltr'>iterum</span> <span class='ocrx_word' id='word_1_422' title='bbox 1773 1647 1981 1683; x_wconf 89' lang='lat' dir='ltr'>secundum</span> <span class='ocrx_word' id='word_1_423' title='bbox 1997 1660 2192 1684; x_wconf 86' lang='lat' dir='ltr'>accessum</span> <span class='ocrx_word' id='word_1_424' title='bbox 2207 1656 2242 1684; x_wconf 92' lang='lat' dir='ltr'>et</span> <span class='ocrx_word' id='word_1_425' title='bbox 2257 1661 2446 1684; x_wconf 90' lang='lat' dir='ltr'>recessum</span> <span class='ocrx_word' id='word_1_426' title='bbox 2462 1649 2508 1685; x_wconf 89' lang='lat' dir='ltr'>ab</span> 
     </span>
     <span class='ocr_line' id='line_1_66' title="bbox 1460 1699 2509 1745; baseline 0.003 -11"><span class='ocrx_word' id='word_1_427' title='bbox 1460 1699 1597 1735; x_wconf 90' lang='lat' dir='ltr'>eodem</span> <span class='ocrx_word' id='word_1_428' title='bbox 1617 1699 1798 1745; x_wconf 86' lang='lat' dir='ltr'>termino,</span> <span class='ocrx_word' id='word_1_429' title='bbox 1825 1699 1919 1742; x_wconf 86' lang='lat' dir='ltr'>sicut</span> <span class='ocrx_word' id='word_1_430' title='bbox 1938 1699 2033 1736; x_wconf 91' lang='lat' dir='ltr'>inter</span> <span class='ocrx_word' id='word_1_431' title='bbox 2052 1701 2248 1737; x_wconf 89' lang='lat' dir='ltr'>audaciam</span> <span class='ocrx_word' id='word_1_432' title='bbox 2270 1708 2304 1736; x_wconf 91' lang='lat' dir='ltr'>et</span> <span class='ocrx_word' id='word_1_433' title='bbox 2323 1701 2509 1737; x_wconf 91' lang='lat' dir='ltr'>timorem.</span> 
     </span>
    </p>

    <p class='ocr_par' dir='ltr' id='par_1_18' title="bbox 1512 1752 2371 1800">
     <span class='ocr_line' id='line_1_67' title="bbox 1512 1752 2371 1800; baseline 0.002 -13"><span class='ocrx_word' id='word_1_434' title='bbox 1512 1753 1560 1787; x_wconf 92' lang='lat' dir='ltr'>Et</span> <span class='ocrx_word' id='word_1_435' title='bbox 1587 1763 1656 1799; x_wconf 90' lang='lat' dir='ltr'>per</span> <span class='ocrx_word' id='word_1_436' title='bbox 1681 1752 1755 1787; x_wconf 91' lang='lat' dir='ltr'>hoc</span> <span class='ocrx_word' id='word_1_437' title='bbox 1782 1759 1884 1799; x_wconf 89' lang='lat' dir='ltr'>patet</span> <span class='ocrx_word' id='word_1_438' title='bbox 1913 1753 2108 1800; x_wconf 89' lang='lat' dir='ltr'>responsio</span> <span class='ocrx_word' id='word_1_439' title='bbox 2137 1753 2184 1789; x_wconf 90' lang='lat' dir='ltr'>ad</span> <span class='ocrx_word' id='word_1_440' title='bbox 2213 1753 2371 1789; x_wconf 87' lang='lat' dir='ltr'>obiecta.</span> 
     </span>
    </p>
   </div>
   <div class='ocr_carea' id='block_1_17' title="bbox 1043 1829 1825 1835">
    <p class='ocr_par' dir='ltr' id='par_1_19' title="bbox 1043 1829 1825 1835">
     <span class='ocr_line' id='line_1_68' title="bbox 1043 1829 1825 1835; baseline 0 0"><span class='ocrx_word' id='word_1_441' title='bbox 1043 1829 1825 1835; x_wconf 95' lang='lat' dir='ltr'> </span> 
     </span>
    </p>
   </div>
   <div class='ocr_carea' id='block_1_18' title="bbox 403 1868 840 1902">
    <p class='ocr_par' dir='ltr' id='par_1_20' title="bbox 403 1868 840 1902">
     <span class='ocr_line' id='line_1_69' title="bbox 403 1868 840 1902; baseline -0.005 -8"><span class='ocrx_word' id='word_1_442' title='bbox 403 1868 428 1902; x_wconf 86' lang='grc' dir='ltr'>β)</span> <span class='ocrx_word' id='word_1_443' title='bbox 446 1869 479 1894; x_wconf 72' lang='lat' dir='ltr'>ab</span> <span class='ocrx_word' id='word_1_444' title='bbox 497 1875 560 1894; x_wconf 81' lang='lat' dir='ltr'>esse.</span> <span class='ocrx_word' id='word_1_445' title='bbox 577 1882 597 1889; x_wconf 89' lang='lat'>—</span> <span class='ocrx_word' id='word_1_446' title='bbox 614 1868 652 1893; x_wconf 81' lang='lat' dir='ltr'>ad</span> <span class='ocrx_word' id='word_1_447' title='bbox 668 1875 719 1893; x_wconf 83' lang='lat' dir='ltr'>non</span> <span class='ocrx_word' id='word_1_448' title='bbox 739 1875 794 1893; x_wconf 82' lang='lat' dir='ltr'>esse</span> <span class='ocrx_word' id='word_1_449' title='bbox 812 1868 840 1893; x_wconf 78' lang='lat' dir='ltr'>F.</span> 
     </span>
    </p>
   </div>
   <div class='ocr_carea' id='block_1_19' title="bbox 1506 1869 2512 1903">
    <p class='ocr_par' dir='ltr' id='par_1_21' title="bbox 1506 1869 2512 1903">
     <span class='ocr_line' id='line_1_70' title="bbox 1506 1869 2512 1903; baseline 0.003 -10"><span class='ocrx_word' id='word_1_450' title='bbox 1506 1869 1533 1902; x_wconf 83' lang='grc' dir='ltr'>γ)</span> <span class='ocrx_word' id='word_1_451' title='bbox 1553 1869 1616 1894; x_wconf 81' lang='lat' dir='ltr'>eius.</span> <span class='ocrx_word' id='word_1_452' title='bbox 1629 1883 1647 1888; x_wconf 91' lang='lat'>-·</span> <span class='ocrx_word' id='word_1_453' title='bbox 1660 1869 1720 1894; x_wconf 90' lang='lat' dir='ltr'>Om.</span> <span class='ocrx_word' id='word_1_454' title='bbox 1735 1869 1781 1894; x_wconf 82' lang='lat' dir='ltr'>Pa.</span> <span class='ocrx_word' id='word_1_455' title='bbox 1795 1883 1813 1888; x_wconf 91' lang='lat'>—</span> <span class='ocrx_word' id='word_1_456' title='bbox 1831 1870 1880 1894; x_wconf 87' lang='lat' dir='ltr'>Pro</span> <span class='ocrx_word' id='word_1_457' title='bbox 1896 1872 1925 1893; x_wconf 82' lang='lat' dir='ltr'>ut</span> <span class='ocrx_word' id='word_1_458' title='bbox 1943 1870 1975 1894; x_wconf 82' lang='lat' dir='ltr'>ab</span> <span class='ocrx_word' id='word_1_459' title='bbox 1995 1870 2059 1901; x_wconf 79' lang='lat' dir='ltr'>ipso,</span> <span class='ocrx_word' id='word_1_460' title='bbox 2080 1873 2109 1894; x_wconf 78' lang='lat' dir='ltr'>ut</span> <span class='ocrx_word' id='word_1_461' title='bbox 2127 1870 2159 1894; x_wconf 84' lang='lat' dir='ltr'>ab</span> <span class='ocrx_word' id='word_1_462' title='bbox 2180 1870 2237 1902; x_wconf 78' lang='lat' dir='ltr'>ipsa</span> <span class='ocrx_word' id='word_1_463' title='bbox 2256 1871 2296 1895; x_wconf 87' lang='lat' dir='ltr'>ed.</span> <span class='ocrx_word' id='word_1_464' title='bbox 2311 1878 2341 1900; x_wconf 85' lang='lat' dir='ltr'>a,</span> <span class='ocrx_word' id='word_1_465' title='bbox 2360 1871 2393 1895; x_wconf 80' lang='lat' dir='ltr'>ab</span> <span class='ocrx_word' id='word_1_466' title='bbox 2413 1871 2470 1903; x_wconf 80' lang='lat' dir='ltr'>ipsa</span> <span class='ocrx_word' id='word_1_467' title='bbox 2484 1872 2512 1896; x_wconf 86' lang='lat' dir='ltr'>P.</span> 
     </span>
    </p>
   </div>
   <div class='ocr_carea' id='block_1_20' title="bbox 385 1940 1839 1995">
    <p class='ocr_par' dir='ltr' id='par_1_22' title="bbox 385 1940 1839 1995">
     <span class='ocr_line' id='line_1_71' title="bbox 385 1940 1839 1995; baseline -0.001 -15"><span class='ocrx_word' id='word_1_468' title='bbox 385 1969 392 1995; x_wconf 63' lang='lat'><em>3</em></span> <span class='ocrx_word' id='word_1_469' title='bbox 448 1940 451 1943; x_wconf 56' lang='grc'><strong>’</strong></span> <span class='ocrx_word' id='word_1_470' title='bbox 500 1977 503 1980; x_wconf 29' lang='lat'><strong>⁴</strong></span> <span class='ocrx_word' id='word_1_471' title='bbox 1019 1947 1348 1980; x_wconf 75' lang='lat' dir='ltr'>Commentaria</span> <span class='ocrx_word' id='word_1_472' title='bbox 1369 1947 1618 1979; x_wconf 70' lang='lat' dir='ltr'>cardinalis</span> <span class='ocrx_word' id='word_1_473' title='bbox 1639 1947 1839 1980; x_wconf 74' lang='lat' dir='ltr'>Caietam</span> 
     </span>
    </p>
   </div>
   <div class='ocr_carea' id='block_1_21' title="bbox 348 2026 1406 2764">
    <p class='ocr_par' dir='ltr' id='par_1_23' title="bbox 348 2026 1406 2452">
     <span class='ocr_line' id='line_1_72' title="bbox 364 2026 1404 2064; baseline -0.004 -6"><span class='ocrx_word' id='word_1_474' title='bbox 364 2028 403 2058; x_wconf 59' lang='grc' dir='ltr'>’Π</span> <span class='ocrx_word' id='word_1_475' title='bbox 424 2027 573 2058; x_wconf 84' lang='lat' dir='ltr'>secundo</span> <span class='ocrx_word' id='word_1_476' title='bbox 586 2027 717 2057; x_wconf 86' lang='lat' dir='ltr'>articulo</span> <span class='ocrx_word' id='word_1_477' title='bbox 738 2027 839 2057; x_wconf 87' lang='lat' dir='ltr'>multa</span> <span class='ocrx_word' id='word_1_478' title='bbox 862 2032 965 2056; x_wconf 89' lang='lat' dir='ltr'>essent</span> <span class='ocrx_word' id='word_1_479' title='bbox 978 2026 1158 2061; x_wconf 86' lang='lat' dir='ltr'>dubitanda,</span> <span class='ocrx_word' id='word_1_480' title='bbox 1177 2026 1201 2055; x_wconf 86' lang='lat' dir='ltr'>si</span> <span class='ocrx_word' id='word_1_481' title='bbox 1224 2032 1310 2055; x_wconf 89' lang='lat' dir='ltr'>actus</span> <span class='ocrx_word' id='word_1_482' title='bbox 1334 2035 1404 2064; x_wconf 88' lang='lat' dir='ltr'>pas-</span> 
     </span>
     <span class='ocr_line' id='line_1_73' title="bbox 354 2036 1405 2109; baseline -0.003 -8"><span class='ocrx_word' id='word_1_483' title='bbox 354 2036 510 2102; x_wconf 58' lang='lat' dir='ltr'>lsionnm</span> <span class='ocrx_word' id='word_1_484' title='bbox 531 2071 766 2102; x_wconf 78' lang='lat' dir='ltr'>nominatarum</span> <span class='ocrx_word' id='word_1_485' title='bbox 790 2070 986 2100; x_wconf 79' lang='lat' dir='ltr'>examinandi</span> <span class='ocrx_word' id='word_1_486' title='bbox 1006 2075 1108 2099; x_wconf 80' lang='lat' dir='ltr'>essent</span> <span class='ocrx_word' id='word_1_487' title='bbox 1129 2069 1319 2109; x_wconf 84' lang='lat' dir='ltr'>singillatim.</span> <span class='ocrx_word' id='word_1_488' title='bbox 1345 2069 1405 2099; x_wconf 87' lang='lat' dir='ltr'>Sed</span> 
     </span>
     <span class='ocr_line' id='line_1_74' title="bbox 351 2114 1405 2155; baseline -0.003 -9"><span class='ocrx_word' id='word_1_489' title='bbox 351 2115 504 2155; x_wconf 80' lang='lat' dir='ltr'>quoniam</span> <span class='ocrx_word' id='word_1_490' title='bbox 527 2115 589 2146; x_wconf 87' lang='lat' dir='ltr'>hoc</span> <span class='ocrx_word' id='word_1_491' title='bbox 611 2115 675 2145; x_wconf 80' lang='lat' dir='ltr'>suis</span> <span class='ocrx_word' id='word_1_492' title='bbox 698 2114 834 2154; x_wconf 87' lang='lat' dir='ltr'>propriis</span> <span class='ocrx_word' id='word_1_493' title='bbox 857 2114 934 2144; x_wconf 90' lang='lat' dir='ltr'>locis</span> <span class='ocrx_word' id='word_1_494' title='bbox 957 2120 1139 2149; x_wconf 84' lang='lat' dir='ltr'>reservatur,</span> <span class='ocrx_word' id='word_1_495' title='bbox 1156 2123 1258 2144; x_wconf 88' lang='lat' dir='ltr'>unum</span> <span class='ocrx_word' id='word_1_496' title='bbox 1281 2120 1405 2144; x_wconf 84' lang='lat' dir='ltr'>tantum</span> 
     </span>
     <span class='ocr_line' id='line_1_75' title="bbox 351 2157 1405 2198; baseline -0.003 -9"><span class='ocrx_word' id='word_1_497' title='bbox 351 2165 402 2190; x_wconf 73' lang='lat' dir='ltr'>estv</span> <span class='ocrx_word' id='word_1_498' title='bbox 421 2158 671 2194; x_wconf 81' lang='lat' dir='ltr'>discutiendum,</span> <span class='ocrx_word' id='word_1_499' title='bbox 695 2157 861 2198; x_wconf 87' lang='lat' dir='ltr'>quomodo</span> <span class='ocrx_word' id='word_1_500' title='bbox 885 2157 1000 2188; x_wconf 88' lang='lat' dir='ltr'>scilicet</span> <span class='ocrx_word' id='word_1_501' title='bbox 1023 2157 1223 2187; x_wconf 83' lang='lat' dir='ltr'>contrarietas</span> <span class='ocrx_word' id='word_1_502' title='bbox 1245 2157 1326 2186; x_wconf 89' lang='lat' dir='ltr'>inter</span> <span class='ocrx_word' id='word_1_503' title='bbox 1349 2157 1405 2186; x_wconf 94' lang='lat' dir='ltr'>bo-</span> 
     </span>
     <span class='ocr_line' id='line_1_76' title="bbox 351 2200 1406 2242; baseline -0.002 -10"><span class='ocrx_word' id='word_1_504' title='bbox 351 2212 430 2232; x_wconf 88' lang='lat' dir='ltr'>num</span> <span class='ocrx_word' id='word_1_505' title='bbox 446 2209 476 2232; x_wconf 93' lang='lat' dir='ltr'>et</span> <span class='ocrx_word' id='word_1_506' title='bbox 491 2203 612 2232; x_wconf 86' lang='lat' dir='ltr'>malum</span> <span class='ocrx_word' id='word_1_507' title='bbox 628 2208 746 2242; x_wconf 85' lang='lat' dir='ltr'>spectat</span> <span class='ocrx_word' id='word_1_508' title='bbox 765 2201 804 2231; x_wconf 90' lang='lat' dir='ltr'>ad</span> <span class='ocrx_word' id='word_1_509' title='bbox 822 2201 1017 2231; x_wconf 88' lang='lat' dir='ltr'>irascibilem.</span> <span class='ocrx_word' id='word_1_510' title='bbox 1043 2203 1108 2230; x_wconf 90' lang='lat' dir='ltr'>Aut</span> <span class='ocrx_word' id='word_1_511' title='bbox 1123 2200 1208 2230; x_wconf 88' lang='lat' dir='ltr'>enim</span> <span class='ocrx_word' id='word_1_512' title='bbox 1222 2200 1406 2239; x_wconf 88' lang='lat' dir='ltr'>intelligitur</span> 
     </span>
     <span class='ocr_line' id='line_1_77' title="bbox 351 2243 1404 2284; baseline -0.003 -8"><span class='ocrx_word' id='word_1_513' title='bbox 351 2246 390 2276; x_wconf 90' lang='lat' dir='ltr'>de</span> <span class='ocrx_word' id='word_1_514' title='bbox 412 2247 499 2276; x_wconf 88' lang='lat' dir='ltr'>bono</span> <span class='ocrx_word' id='word_1_515' title='bbox 517 2252 547 2276; x_wconf 92' lang='lat' dir='ltr'>et</span> <span class='ocrx_word' id='word_1_516' title='bbox 564 2245 650 2275; x_wconf 87' lang='lat' dir='ltr'>malo</span> <span class='ocrx_word' id='word_1_517' title='bbox 675 2245 835 2275; x_wconf 87' lang='lat' dir='ltr'>absolute:</span> <span class='ocrx_word' id='word_1_518' title='bbox 861 2251 891 2275; x_wconf 91' lang='lat' dir='ltr'>et</span> <span class='ocrx_word' id='word_1_519' title='bbox 913 2245 956 2274; x_wconf 91' lang='lat' dir='ltr'>sic</span> <span class='ocrx_word' id='word_1_520' title='bbox 976 2250 1093 2284; x_wconf 90' lang='lat' dir='ltr'>spectat</span> <span class='ocrx_word' id='word_1_521' title='bbox 1116 2245 1155 2273; x_wconf 88' lang='lat' dir='ltr'>ad</span> <span class='ocrx_word' id='word_1_522' title='bbox 1179 2243 1404 2283; x_wconf 88' lang='lat' dir='ltr'>concupiscibi-</span> 
     </span>
     <span class='ocr_line' id='line_1_78' title="bbox 349 2287 1403 2319; baseline -0.003 0"><span class='ocrx_word' id='word_1_523' title='bbox 349 2290 423 2319; x_wconf 83' lang='lat' dir='ltr'>lem.</span> <span class='ocrx_word' id='word_1_524' title='bbox 435 2306 455 2312; x_wconf 89' lang='lat'>-</span> <span class='ocrx_word' id='word_1_525' title='bbox 466 2292 532 2319; x_wconf 92' lang='lat' dir='ltr'>Aut</span> <span class='ocrx_word' id='word_1_526' title='bbox 543 2289 582 2319; x_wconf 90' lang='lat' dir='ltr'>de</span> <span class='ocrx_word' id='word_1_527' title='bbox 594 2290 680 2319; x_wconf 90' lang='lat' dir='ltr'>bono</span> <span class='ocrx_word' id='word_1_528' title='bbox 700 2295 731 2318; x_wconf 89' lang='lat' dir='ltr'>et</span> <span class='ocrx_word' id='word_1_529' title='bbox 745 2289 831 2318; x_wconf 86' lang='lat' dir='ltr'>malo</span> <span class='ocrx_word' id='word_1_530' title='bbox 847 2295 883 2318; x_wconf 88' lang='lat' dir='ltr'>ut</span> <span class='ocrx_word' id='word_1_531' title='bbox 901 2289 1035 2318; x_wconf 86' lang='lat' dir='ltr'>subsunt</span> <span class='ocrx_word' id='word_1_532' title='bbox 1052 2287 1213 2318; x_wconf 87' lang='lat' dir='ltr'>arduitati:</span> <span class='ocrx_word' id='word_1_533' title='bbox 1234 2294 1265 2317; x_wconf 86' lang='lat' dir='ltr'>et</span> <span class='ocrx_word' id='word_1_534' title='bbox 1279 2287 1321 2317; x_wconf 91' lang='lat' dir='ltr'>sic</span> <span class='ocrx_word' id='word_1_535' title='bbox 1338 2297 1403 2317; x_wconf 92' lang='lat' dir='ltr'>non</span> 
     </span>
     <span class='ocr_line' id='line_1_79' title="bbox 351 2330 1406 2366; baseline -0.003 -3"><span class='ocrx_word' id='word_1_536' title='bbox 351 2333 587 2363; x_wconf 75' lang='lat' dir='ltr'>eonsiderantur</span> <span class='ocrx_word' id='word_1_537' title='bbox 604 2333 664 2362; x_wconf 92' lang='lat' dir='ltr'>sub</span> <span class='ocrx_word' id='word_1_538' title='bbox 680 2332 855 2362; x_wconf 87' lang='lat' dir='ltr'>rationibus</span> <span class='ocrx_word' id='word_1_539' title='bbox 873 2332 949 2362; x_wconf 92' lang='lat' dir='ltr'>boni</span> <span class='ocrx_word' id='word_1_540' title='bbox 973 2338 1003 2362; x_wconf 91' lang='lat' dir='ltr'>et</span> <span class='ocrx_word' id='word_1_541' title='bbox 1025 2331 1116 2366; x_wconf 85' lang='lat' dir='ltr'>mali,</span> <span class='ocrx_word' id='word_1_542' title='bbox 1141 2331 1195 2360; x_wconf 86' lang='lat' dir='ltr'>sed</span> <span class='ocrx_word' id='word_1_543' title='bbox 1211 2331 1269 2360; x_wconf 90' lang='lat' dir='ltr'>sub</span> <span class='ocrx_word' id='word_1_544' title='bbox 1285 2330 1406 2360; x_wconf 85' lang='lat' dir='ltr'>ratione</span> 
     </span>
     <span class='ocr_line' id='line_1_80' title="bbox 349 2374 1406 2416; baseline -0.002 -10"><span class='ocrx_word' id='word_1_545' title='bbox 349 2376 453 2414; x_wconf 45' lang='lat' dir='ltr'>ardu&amp;</span> <span class='ocrx_word' id='word_1_546' title='bbox 478 2376 558 2406; x_wconf 88' lang='lat' dir='ltr'>sicut</span> <span class='ocrx_word' id='word_1_547' title='bbox 585 2376 611 2406; x_wconf 90' lang='lat' dir='ltr'>si</span> <span class='ocrx_word' id='word_1_548' title='bbox 633 2376 836 2416; x_wconf 81' lang='lat' dir='ltr'>loqueremur</span> <span class='ocrx_word' id='word_1_549' title='bbox 860 2375 898 2405; x_wconf 92' lang='lat' dir='ltr'>de</span> <span class='ocrx_word' id='word_1_550' title='bbox 923 2375 1011 2414; x_wconf 89' lang='lat' dir='ltr'>ligno</span> <span class='ocrx_word' id='word_1_551' title='bbox 1035 2381 1065 2404; x_wconf 86' lang='lat' dir='ltr'>et</span> <span class='ocrx_word' id='word_1_552' title='bbox 1085 2374 1190 2414; x_wconf 90' lang='lat' dir='ltr'>lapide</span> <span class='ocrx_word' id='word_1_553' title='bbox 1214 2381 1249 2405; x_wconf 92' lang='lat' dir='ltr'>ut</span> <span class='ocrx_word' id='word_1_554' title='bbox 1272 2375 1406 2405; x_wconf 88' lang='lat' dir='ltr'>subsunt</span> 
     </span>
     <span class='ocr_line' id='line_1_81' title="bbox 348 2419 494 2452; baseline -0.014 0"><span class='ocrx_word' id='word_1_555' title='bbox 348 2419 494 2452; x_wconf 84' lang='lat' dir='ltr'>albedini.</span> 
     </span>
    </p>

    <p class='ocr_par' dir='ltr' id='par_1_24' title="bbox 348 2459 1406 2764">
     <span class='ocr_line' id='line_1_82' title="bbox 375 2459 1406 2502; baseline -0.002 -9"><span class='ocrx_word' id='word_1_556' title='bbox 375 2459 442 2494; x_wconf 61' lang='lat' dir='ltr'>“IL</span> <span class='ocrx_word' id='word_1_557' title='bbox 463 2463 514 2494; x_wconf 90' lang='lat' dir='ltr'>Ad</span> <span class='ocrx_word' id='word_1_558' title='bbox 536 2462 598 2493; x_wconf 90' lang='lat' dir='ltr'>hoc</span> <span class='ocrx_word' id='word_1_559' title='bbox 621 2462 733 2493; x_wconf 88' lang='lat' dir='ltr'>dicitur</span> <span class='ocrx_word' id='word_1_560' title='bbox 748 2462 845 2502; x_wconf 93' lang='lat' dir='ltr'>quod,</span> <span class='ocrx_word' id='word_1_561' title='bbox 870 2462 950 2492; x_wconf 90' lang='lat' dir='ltr'>sicut</span> <span class='ocrx_word' id='word_1_562' title='bbox 973 2461 1095 2492; x_wconf 89' lang='lat' dir='ltr'>bonum</span> <span class='ocrx_word' id='word_1_563' title='bbox 1119 2461 1261 2492; x_wconf 86' lang='lat' dir='ltr'>absolute</span> <span class='ocrx_word' id='word_1_564' title='bbox 1286 2467 1406 2491; x_wconf 89' lang='lat' dir='ltr'>contra-</span> 
     </span>
     <span class='ocr_line' id='line_1_83' title="bbox 348 2505 1406 2542; baseline -0.002 -5"><span class='ocrx_word' id='word_1_565' title='bbox 348 2506 445 2537; x_wconf 81' lang='lat' dir='ltr'>riatur</span> <span class='ocrx_word' id='word_1_566' title='bbox 467 2506 552 2536; x_wconf 87' lang='lat' dir='ltr'>malo</span> <span class='ocrx_word' id='word_1_567' title='bbox 576 2506 727 2542; x_wconf 84' lang='lat' dir='ltr'>absolute,</span> <span class='ocrx_word' id='word_1_568' title='bbox 748 2506 790 2536; x_wconf 89' lang='lat' dir='ltr'>ita</span> <span class='ocrx_word' id='word_1_569' title='bbox 813 2507 935 2536; x_wconf 91' lang='lat' dir='ltr'>bonurn</span> <span class='ocrx_word' id='word_1_570' title='bbox 959 2506 1094 2537; x_wconf 86' lang='lat' dir='ltr'>arduum</span> <span class='ocrx_word' id='word_1_571' title='bbox 1118 2505 1203 2535; x_wconf 82' lang='lat' dir='ltr'>malo</span> <span class='ocrx_word' id='word_1_572' title='bbox 1233 2505 1348 2535; x_wconf 88' lang='lat' dir='ltr'>arduo:</span> <span class='ocrx_word' id='word_1_573' title='bbox 1376 2512 1406 2535; x_wconf 92' lang='lat' dir='ltr'>et</span> 
     </span>
     <span class='ocr_line' id='line_1_84' title="bbox 349 2549 1405 2585; baseline -0.003 -4"><span class='ocrx_word' id='word_1_574' title='bbox 349 2550 430 2581; x_wconf 84' lang='lat' dir='ltr'>sicut</span> <span class='ocrx_word' id='word_1_575' title='bbox 452 2551 528 2581; x_wconf 86' lang='lat' dir='ltr'>haec</span> <span class='ocrx_word' id='word_1_576' title='bbox 559 2557 633 2580; x_wconf 87' lang='lat' dir='ltr'>sunt</span> <span class='ocrx_word' id='word_1_577' title='bbox 655 2550 750 2580; x_wconf 88' lang='lat' dir='ltr'>altera</span> <span class='ocrx_word' id='word_1_578' title='bbox 773 2550 811 2579; x_wconf 89' lang='lat' dir='ltr'>ab</span> <span class='ocrx_word' id='word_1_579' title='bbox 835 2549 911 2585; x_wconf 87' lang='lat' dir='ltr'>illis,</span> <span class='ocrx_word' id='word_1_580' title='bbox 935 2549 978 2579; x_wconf 81' lang='lat' dir='ltr'>ita</span> <span class='ocrx_word' id='word_1_581' title='bbox 1006 2549 1205 2579; x_wconf 83' lang='lat' dir='ltr'>contrarietas</span> <span class='ocrx_word' id='word_1_582' title='bbox 1236 2555 1283 2579; x_wconf 85' lang='lat' dir='ltr'>est</span> <span class='ocrx_word' id='word_1_583' title='bbox 1305 2549 1364 2578; x_wconf 84' lang='lat' dir='ltr'>alia</span> <span class='ocrx_word' id='word_1_584' title='bbox 1388 2559 1405 2578; x_wconf 85' lang='lat' dir='ltr'>a</span> 
     </span>
     <span class='ocr_line' id='line_1_85' title="bbox 350 2593 1405 2632; baseline -0.003 -7"><span class='ocrx_word' id='word_1_585' title='bbox 350 2594 581 2630; x_wconf 77' lang='lat' dir='ltr'>contrarietate;</span> <span class='ocrx_word' id='word_1_586' title='bbox 601 2595 674 2624; x_wconf 86' lang='lat' dir='ltr'>licet</span> <span class='ocrx_word' id='word_1_587' title='bbox 698 2593 934 2624; x_wconf 81' lang='lat' dir='ltr'>communicent</span> <span class='ocrx_word' id='word_1_588' title='bbox 954 2593 988 2623; x_wconf 88' lang='lat' dir='ltr'>in</span> <span class='ocrx_word' id='word_1_589' title='bbox 1010 2593 1150 2628; x_wconf 87' lang='lat' dir='ltr'>nornine,</span> <span class='ocrx_word' id='word_1_590' title='bbox 1175 2593 1250 2632; x_wconf 87' lang='lat' dir='ltr'>quia</span> <span class='ocrx_word' id='word_1_591' title='bbox 1273 2599 1405 2632; x_wconf 88' lang='lat' dir='ltr'>utraque</span> 
     </span>
     <span class='ocr_line' id='line_1_86' title="bbox 349 2636 1404 2676; baseline -0.002 -8"><span class='ocrx_word' id='word_1_592' title='bbox 349 2637 462 2669; x_wconf 81' lang='lat' dir='ltr'>dicitur</span> <span class='ocrx_word' id='word_1_593' title='bbox 483 2638 659 2668; x_wconf 84' lang='lat' dir='ltr'>secundum</span> <span class='ocrx_word' id='word_1_594' title='bbox 681 2638 804 2667; x_wconf 89' lang='lat' dir='ltr'>bonum</span> <span class='ocrx_word' id='word_1_595' title='bbox 827 2643 858 2666; x_wconf 90' lang='lat' dir='ltr'>et</span> <span class='ocrx_word' id='word_1_596' title='bbox 875 2637 1007 2666; x_wconf 80' lang='lat' dir='ltr'>malum.</span> <span class='ocrx_word' id='word_1_597' title='bbox 1032 2637 1124 2667; x_wconf 88' lang='lat' dir='ltr'>Unde</span> <span class='ocrx_word' id='word_1_598' title='bbox 1145 2646 1219 2666; x_wconf 89' lang='lat' dir='ltr'>cum</span> <span class='ocrx_word' id='word_1_599' title='bbox 1235 2636 1404 2676; x_wconf 87' lang='lat' dir='ltr'>quaeritur,</span> 
     </span>
     <span class='ocr_line' id='line_1_87' title="bbox 348 2680 1403 2721; baseline -0.003 -9"><span class='ocrx_word' id='word_1_600' title='bbox 348 2681 413 2711; x_wconf 83' lang='lat' dir='ltr'>Aut</span> <span class='ocrx_word' id='word_1_601' title='bbox 429 2687 498 2717; x_wconf 76' lang='lat' dir='ltr'>etc.¹</span> <span class='ocrx_word' id='word_1_602' title='bbox 514 2681 722 2721; x_wconf 88' lang='lat' dir='ltr'>respondetur</span> <span class='ocrx_word' id='word_1_603' title='bbox 734 2681 823 2720; x_wconf 91' lang='lat' dir='ltr'>quod</span> <span class='ocrx_word' id='word_1_604' title='bbox 836 2687 948 2710; x_wconf 88' lang='lat' dir='ltr'>neutro</span> <span class='ocrx_word' id='word_1_605' title='bbox 965 2680 1074 2715; x_wconf 89' lang='lat' dir='ltr'>modo,</span> <span class='ocrx_word' id='word_1_606' title='bbox 1088 2680 1214 2719; x_wconf 89' lang='lat' dir='ltr'>proprie</span> <span class='ocrx_word' id='word_1_607' title='bbox 1230 2680 1403 2719; x_wconf 90' lang='lat' dir='ltr'>loquendo.</span> 
     </span>
     <span class='ocr_line' id='line_1_88' title="bbox 350 2723 1403 2764; baseline -0.002 -10"><span class='ocrx_word' id='word_1_608' title='bbox 350 2723 522 2761; x_wconf 76' lang='lat' dir='ltr'>Quoniam,</span> <span class='ocrx_word' id='word_1_609' title='bbox 538 2731 575 2755; x_wconf 88' lang='lat' dir='ltr'>ut</span> <span class='ocrx_word' id='word_1_610' title='bbox 589 2723 784 2764; x_wconf 80' lang='lat' dir='ltr'>praedictum</span> <span class='ocrx_word' id='word_1_611' title='bbox 799 2730 845 2754; x_wconf 91' lang='lat' dir='ltr'>est</span> <span class='ocrx_word' id='word_1_612' title='bbox 858 2723 884 2759; x_wconf 82' lang='grc'>*,</span> <span class='ocrx_word' id='word_1_613' title='bbox 905 2724 1028 2753; x_wconf 91' lang='lat' dir='ltr'>bonum</span> <span class='ocrx_word' id='word_1_614' title='bbox 1051 2729 1083 2753; x_wconf 93' lang='lat' dir='ltr'>et</span> <span class='ocrx_word' id='word_1_615' title='bbox 1097 2724 1219 2753; x_wconf 88' lang='lat' dir='ltr'>malum</span> <span class='ocrx_word' id='word_1_616' title='bbox 1242 2733 1307 2753; x_wconf 91' lang='lat' dir='ltr'>non</span> <span class='ocrx_word' id='word_1_617' title='bbox 1328 2733 1403 2753; x_wconf 93' lang='lat' dir='ltr'>con-</span> 
     </span>
    </p>
   </div>
   <div class='ocr_carea' id='block_1_22' title="bbox 1430 2024 1433 2551">
    <p class='ocr_par' dir='ltr' id='par_1_25' title="bbox 1430 2024 1433 2551">
     <span class='ocr_line' id='line_1_89' title="bbox 1430 2024 1433 2551; baseline 0 0"><span class='ocrx_word' id='word_1_618' title='bbox 1430 2024 1433 2551; x_wconf 95' lang='lat' dir='ltr'> </span> 
     </span>
    </p>
   </div>
   <div class='ocr_carea' id='block_1_23' title="bbox 1429 2024 1433 2729">
    <p class='ocr_par' dir='ltr' id='par_1_26' title="bbox 1429 2024 1433 2729">
     <span class='ocr_line' id='line_1_90' title="bbox 1429 2024 1433 2729; baseline 0 0"><span class='ocrx_word' id='word_1_619' title='bbox 1429 2024 1433 2729; x_wconf 95' lang='lat' dir='ltr'> </span> 
     </span>
    </p>
   </div>
   <div class='ocr_carea' id='block_1_24' title="bbox 1458 2025 2514 2754">
    <p class='ocr_par' dir='ltr' id='par_1_27' title="bbox 1458 2025 2514 2754">
     <span class='ocr_line' id='line_1_91' title="bbox 1460 2025 2513 2065; baseline 0.002 -10"><span class='ocrx_word' id='word_1_620' title='bbox 1460 2031 1588 2055; x_wconf 90' lang='lat' dir='ltr'>currunt</span> <span class='ocrx_word' id='word_1_621' title='bbox 1615 2035 1671 2065; x_wconf 89' lang='lat' dir='ltr'>per</span> <span class='ocrx_word' id='word_1_622' title='bbox 1698 2026 1857 2061; x_wconf 87' lang='lat' dir='ltr'>accidens,</span> <span class='ocrx_word' id='word_1_623' title='bbox 1882 2033 1918 2056; x_wconf 90' lang='lat' dir='ltr'>ut</span> <span class='ocrx_word' id='word_1_624' title='bbox 1941 2026 2073 2056; x_wconf 90' lang='lat' dir='ltr'>subsunt</span> <span class='ocrx_word' id='word_1_625' title='bbox 2103 2025 2219 2056; x_wconf 90' lang='lat' dir='ltr'>scilicet</span> <span class='ocrx_word' id='word_1_626' title='bbox 2245 2025 2434 2057; x_wconf 82' lang='lat' dir='ltr'>difficultati:</span> <span class='ocrx_word' id='word_1_627' title='bbox 2459 2027 2513 2057; x_wconf 93' lang='lat' dir='ltr'>sed</span> 
     </span>
     <span class='ocr_line' id='line_1_92' title="bbox 1459 2069 2513 2109; baseline 0.001 -10"><span class='ocrx_word' id='word_1_628' title='bbox 1459 2075 1563 2099; x_wconf 88' lang='lat' dir='ltr'>totum</span> <span class='ocrx_word' id='word_1_629' title='bbox 1579 2069 1650 2105; x_wconf 84' lang='lat' dir='ltr'>hoc,</span> <span class='ocrx_word' id='word_1_630' title='bbox 1667 2069 1781 2099; x_wconf 85' lang='lat' dir='ltr'>bonum</span> <span class='ocrx_word' id='word_1_631' title='bbox 1798 2069 1935 2099; x_wconf 84' lang='lat' dir='ltr'>arduum</span> <span class='ocrx_word' id='word_1_632' title='bbox 1951 2069 2000 2099; x_wconf 88' lang='lat' dir='ltr'>vel</span> <span class='ocrx_word' id='word_1_633' title='bbox 2014 2070 2134 2099; x_wconf 89' lang='lat' dir='ltr'>malum</span> <span class='ocrx_word' id='word_1_634' title='bbox 2155 2070 2305 2107; x_wconf 86' lang='lat' dir='ltr'>arduum,</span> <span class='ocrx_word' id='word_1_635' title='bbox 2320 2079 2376 2109; x_wconf 91' lang='lat' dir='ltr'>per</span> <span class='ocrx_word' id='word_1_636' title='bbox 2391 2080 2423 2100; x_wconf 91' lang='lat' dir='ltr'>se</span> <span class='ocrx_word' id='word_1_637' title='bbox 2440 2081 2513 2101; x_wconf 90' lang='lat' dir='ltr'>con-</span> 
     </span>
     <span class='ocr_line' id='line_1_93' title="bbox 1460 2113 2512 2154; baseline 0.002 -12"><span class='ocrx_word' id='word_1_638' title='bbox 1460 2113 1562 2148; x_wconf 88' lang='lat' dir='ltr'>currit,</span> <span class='ocrx_word' id='word_1_639' title='bbox 1579 2113 1621 2143; x_wconf 85' lang='lat' dir='ltr'>ita</span> <span class='ocrx_word' id='word_1_640' title='bbox 1637 2113 1724 2153; x_wconf 92' lang='lat' dir='ltr'>quod</span> <span class='ocrx_word' id='word_1_641' title='bbox 1749 2113 1947 2143; x_wconf 86' lang='lat' dir='ltr'>contrarietas</span> <span class='ocrx_word' id='word_1_642' title='bbox 1964 2113 2039 2143; x_wconf 91' lang='lat' dir='ltr'>boni</span> <span class='ocrx_word' id='word_1_643' title='bbox 2063 2120 2094 2143; x_wconf 91' lang='lat' dir='ltr'>et</span> <span class='ocrx_word' id='word_1_644' title='bbox 2109 2113 2184 2143; x_wconf 88' lang='lat' dir='ltr'>mali</span> <span class='ocrx_word' id='word_1_645' title='bbox 2201 2113 2375 2144; x_wconf 86' lang='lat' dir='ltr'>difficilium</span> <span class='ocrx_word' id='word_1_646' title='bbox 2394 2121 2512 2154; x_wconf 89' lang='lat' dir='ltr'>spectat</span> 
     </span>
     <span class='ocr_line' id='line_1_94' title="bbox 1459 2154 2513 2198; baseline 0.002 -12"><span class='ocrx_word' id='word_1_647' title='bbox 1459 2157 1498 2186; x_wconf 90' lang='lat' dir='ltr'>ad</span> <span class='ocrx_word' id='word_1_648' title='bbox 1520 2156 1722 2192; x_wconf 84' lang='lat' dir='ltr'>irascibilem;</span> <span class='ocrx_word' id='word_1_649' title='bbox 1747 2163 1820 2187; x_wconf 91' lang='lat' dir='ltr'>sunt</span> <span class='ocrx_word' id='word_1_650' title='bbox 1843 2157 1927 2186; x_wconf 90' lang='lat' dir='ltr'>enim</span> <span class='ocrx_word' id='word_1_651' title='bbox 1950 2154 2106 2196; x_wconf 82' lang='lat' dir='ltr'>q&#39;uaedam</span> <span class='ocrx_word' id='word_1_652' title='bbox 2134 2157 2210 2187; x_wconf 89' lang='lat' dir='ltr'>boni</span> <span class='ocrx_word' id='word_1_653' title='bbox 2241 2163 2271 2187; x_wconf 94' lang='lat' dir='ltr'>et</span> <span class='ocrx_word' id='word_1_654' title='bbox 2297 2158 2371 2188; x_wconf 88' lang='lat' dir='ltr'>mali</span> <span class='ocrx_word' id='word_1_655' title='bbox 2395 2158 2513 2198; x_wconf 86' lang='lat' dir='ltr'>species</span> 
     </span>
     <span class='ocr_line' id='line_1_95' title="bbox 1459 2199 2512 2236; baseline 0.001 -6"><span class='ocrx_word' id='word_1_656' title='bbox 1459 2200 1581 2230; x_wconf 91' lang='lat' dir='ltr'>bonum</span> <span class='ocrx_word' id='word_1_657' title='bbox 1598 2199 1720 2230; x_wconf 90' lang='lat' dir='ltr'>difficile</span> <span class='ocrx_word' id='word_1_658' title='bbox 1740 2207 1770 2230; x_wconf 93' lang='lat' dir='ltr'>et</span> <span class='ocrx_word' id='word_1_659' title='bbox 1786 2200 1906 2230; x_wconf 84' lang='lat' dir='ltr'>malum</span> <span class='ocrx_word' id='word_1_660' title='bbox 1926 2200 2060 2230; x_wconf 91' lang='lat' dir='ltr'>difficile.</span> <span class='ocrx_word' id='word_1_661' title='bbox 2083 2201 2124 2230; x_wconf 89' lang='lat' dir='ltr'>Et</span> <span class='ocrx_word' id='word_1_662' title='bbox 2140 2211 2214 2230; x_wconf 91' lang='lat' dir='ltr'>cum</span> <span class='ocrx_word' id='word_1_663' title='bbox 2236 2201 2269 2231; x_wconf 91' lang='lat' dir='ltr'>in</span> <span class='ocrx_word' id='word_1_664' title='bbox 2290 2201 2512 2236; x_wconf 76' lang='lat' dir='ltr'>litteradistin-</span> 
     </span>
     <span class='ocr_line' id='line_1_96' title="bbox 1459 2243 2512 2284; baseline 0.001 -11"><span class='ocrx_word' id='word_1_665' title='bbox 1459 2243 1565 2282; x_wconf 89' lang='lat' dir='ltr'>guitur</span> <span class='ocrx_word' id='word_1_666' title='bbox 1580 2244 1702 2273; x_wconf 90' lang='lat' dir='ltr'>bonum</span> <span class='ocrx_word' id='word_1_667' title='bbox 1722 2244 1857 2273; x_wconf 86' lang='lat' dir='ltr'>arduum</span> <span class='ocrx_word' id='word_1_668' title='bbox 1875 2244 1906 2273; x_wconf 91' lang='lat' dir='ltr'>in</span> <span class='ocrx_word' id='word_1_669' title='bbox 1922 2244 1955 2284; x_wconf 90' lang='lat' dir='ltr'>ly</span> <span class='ocrx_word' id='word_1_670' title='bbox 1971 2244 2083 2274; x_wconf 90' lang='lat' dir='ltr'>bonum</span> <span class='ocrx_word' id='word_1_671' title='bbox 2109 2251 2139 2274; x_wconf 89' lang='lat' dir='ltr'>et</span> <span class='ocrx_word' id='word_1_672' title='bbox 2161 2244 2194 2273; x_wconf 91' lang='lat' dir='ltr'>in</span> <span class='ocrx_word' id='word_1_673' title='bbox 2217 2244 2249 2284; x_wconf 91' lang='lat' dir='ltr'>Iy</span> <span class='ocrx_word' id='word_1_674' title='bbox 2272 2245 2425 2281; x_wconf 83' lang='lat' dir='ltr'>arduum,</span> <span class='ocrx_word' id='word_1_675' title='bbox 2446 2255 2512 2274; x_wconf 91' lang='lat' dir='ltr'>non</span> 
     </span>
     <span class='ocr_line' id='line_1_97' title="bbox 1459 2287 2512 2323; baseline 0.002 -7"><span class='ocrx_word' id='word_1_676' title='bbox 1459 2293 1505 2316; x_wconf 88' lang='lat' dir='ltr'>est</span> <span class='ocrx_word' id='word_1_677' title='bbox 1529 2287 1684 2316; x_wconf 90' lang='lat' dir='ltr'>distinctio</span> <span class='ocrx_word' id='word_1_678' title='bbox 1709 2287 1741 2316; x_wconf 91' lang='lat' dir='ltr'>in</span> <span class='ocrx_word' id='word_1_679' title='bbox 1766 2287 1942 2317; x_wconf 88' lang='lat' dir='ltr'>subiectum</span> <span class='ocrx_word' id='word_1_680' title='bbox 1970 2294 2000 2317; x_wconf 92' lang='lat' dir='ltr'>et</span> <span class='ocrx_word' id='word_1_681' title='bbox 2023 2287 2179 2323; x_wconf 88' lang='lat' dir='ltr'>accidens,</span> <span class='ocrx_word' id='word_1_682' title='bbox 2204 2288 2258 2317; x_wconf 89' lang='lat' dir='ltr'>sed</span> <span class='ocrx_word' id='word_1_683' title='bbox 2281 2288 2375 2317; x_wconf 89' lang='lat' dir='ltr'>unius</span> <span class='ocrx_word' id='word_1_684' title='bbox 2398 2288 2512 2318; x_wconf 89' lang='lat' dir='ltr'>funda-</span> 
     </span>
     <span class='ocr_line' id='line_1_98' title="bbox 1459 2330 2514 2371; baseline 0.003 -12"><span class='ocrx_word' id='word_1_685' title='bbox 1459 2330 1556 2360; x_wconf 90' lang='lat' dir='ltr'>menti</span> <span class='ocrx_word' id='word_1_686' title='bbox 1574 2330 1605 2359; x_wconf 89' lang='lat' dir='ltr'>in</span> <span class='ocrx_word' id='word_1_687' title='bbox 1618 2330 1724 2370; x_wconf 88' lang='lat' dir='ltr'>plures</span> <span class='ocrx_word' id='word_1_688' title='bbox 1741 2330 1940 2370; x_wconf 84' lang='lat' dir='ltr'>particulares</span> <span class='ocrx_word' id='word_1_689' title='bbox 1956 2341 2011 2361; x_wconf 87' lang='lat' dir='ltr'>seu</span> <span class='ocrx_word' id='word_1_690' title='bbox 2026 2331 2247 2371; x_wconf 87' lang='lat' dir='ltr'>inadaequatas</span> <span class='ocrx_word' id='word_1_691' title='bbox 2264 2331 2412 2361; x_wconf 85' lang='lat' dir='ltr'>rationes:</span> <span class='ocrx_word' id='word_1_692' title='bbox 2433 2332 2514 2362; x_wconf 88' lang='lat' dir='ltr'>sicut</span> 
     </span>
     <span class='ocr_line' id='line_1_99' title="bbox 1459 2374 2514 2415; baseline 0.001 -12"><span class='ocrx_word' id='word_1_693' title='bbox 1459 2374 1701 2413; x_wconf 84' lang='lat' dir='ltr'>distingueretur</span> <span class='ocrx_word' id='word_1_694' title='bbox 1716 2374 1844 2413; x_wconf 86' lang='lat' dir='ltr'>nigredo</span> <span class='ocrx_word' id='word_1_695' title='bbox 1861 2374 1893 2405; x_wconf 89' lang='lat' dir='ltr'>in</span> <span class='ocrx_word' id='word_1_696' title='bbox 1912 2374 1944 2404; x_wconf 92' lang='lat' dir='ltr'>id</span> <span class='ocrx_word' id='word_1_697' title='bbox 1967 2375 2056 2414; x_wconf 90' lang='lat' dir='ltr'>quod</span> <span class='ocrx_word' id='word_1_698' title='bbox 2070 2375 2163 2405; x_wconf 88' lang='lat' dir='ltr'>habet</span> <span class='ocrx_word' id='word_1_699' title='bbox 2177 2375 2316 2410; x_wconf 82' lang='lat' dir='ltr'>luminis,</span> <span class='ocrx_word' id='word_1_700' title='bbox 2333 2381 2364 2406; x_wconf 91' lang='lat' dir='ltr'>et</span> <span class='ocrx_word' id='word_1_701' title='bbox 2377 2375 2410 2405; x_wconf 89' lang='lat' dir='ltr'>id</span> <span class='ocrx_word' id='word_1_702' title='bbox 2425 2376 2514 2415; x_wconf 92' lang='lat' dir='ltr'>quod</span> 
     </span>
     <span class='ocr_line' id='line_1_100' title="bbox 1458 2418 2514 2459; baseline 0.002 -12"><span class='ocrx_word' id='word_1_703' title='bbox 1458 2418 1552 2447; x_wconf 88' lang='lat' dir='ltr'>habet</span> <span class='ocrx_word' id='word_1_704' title='bbox 1566 2418 1827 2448; x_wconf 69' lang='lat' dir='ltr'>obumbrationis</span> <span class='ocrx_word' id='word_1_705' title='bbox 1852 2419 1892 2449; x_wconf 89' lang='lat' dir='ltr'>Et</span> <span class='ocrx_word' id='word_1_706' title='bbox 1907 2418 2040 2449; x_wconf 88' lang='lat' dir='ltr'>intendit</span> <span class='ocrx_word' id='word_1_707' title='bbox 2055 2418 2157 2448; x_wconf 88' lang='lat' dir='ltr'>littera</span> <span class='ocrx_word' id='word_1_708' title='bbox 2173 2419 2270 2459; x_wconf 86' lang='lat' dir='ltr'>quod,</span> <span class='ocrx_word' id='word_1_709' title='bbox 2294 2419 2368 2459; x_wconf 86' lang='lat' dir='ltr'>quia</span> <span class='ocrx_word' id='word_1_710' title='bbox 2391 2419 2514 2449; x_wconf 89' lang='lat' dir='ltr'>bonum</span> 
     </span>
     <span class='ocr_line' id='line_1_101' title="bbox 1458 2461 2513 2500; baseline 0.002 -9"><span class='ocrx_word' id='word_1_711' title='bbox 1458 2462 1593 2491; x_wconf 88' lang='lat' dir='ltr'>arduum</span> <span class='ocrx_word' id='word_1_712' title='bbox 1617 2461 1710 2492; x_wconf 91' lang='lat' dir='ltr'>habet</span> <span class='ocrx_word' id='word_1_713' title='bbox 1732 2461 1885 2492; x_wconf 89' lang='lat' dir='ltr'>rationem</span> <span class='ocrx_word' id='word_1_714' title='bbox 1911 2469 1942 2492; x_wconf 92' lang='lat' dir='ltr'>et</span> <span class='ocrx_word' id='word_1_715' title='bbox 1964 2463 2048 2492; x_wconf 92' lang='lat' dir='ltr'>unde</span> <span class='ocrx_word' id='word_1_716' title='bbox 2064 2462 2204 2498; x_wconf 86' lang='lat' dir='ltr'>attrahat,</span> <span class='ocrx_word' id='word_1_717' title='bbox 2225 2469 2255 2492; x_wconf 93' lang='lat' dir='ltr'>et</span> <span class='ocrx_word' id='word_1_718' title='bbox 2274 2462 2357 2500; x_wconf 84' lang='lat' dir='ltr'>unde</span> <span class='ocrx_word' id='word_1_719' title='bbox 2381 2473 2398 2492; x_wconf 86' lang='lat' dir='ltr'>a</span> <span class='ocrx_word' id='word_1_720' title='bbox 2421 2472 2453 2492; x_wconf 91' lang='lat' dir='ltr'>se</span> <span class='ocrx_word' id='word_1_721' title='bbox 2468 2473 2513 2493; x_wconf 86' lang='lat' dir='ltr'>re-</span> 
     </span>
     <span class='ocr_line' id='line_1_102' title="bbox 1459 2505 2512 2546; baseline 0.002 -12"><span class='ocrx_word' id='word_1_722' title='bbox 1459 2505 1563 2544; x_wconf 81' lang='lat' dir='ltr'>pelIat‚</span> <span class='ocrx_word' id='word_1_723' title='bbox 1583 2505 1655 2535; x_wconf 91' lang='lat' dir='ltr'>ideo</span> <span class='ocrx_word' id='word_1_724' title='bbox 1676 2512 1732 2535; x_wconf 92' lang='lat' dir='ltr'>etc.</span> <span class='ocrx_word' id='word_1_725' title='bbox 1751 2508 1922 2536; x_wconf 87' lang='lat' dir='ltr'>Attestatur</span> <span class='ocrx_word' id='word_1_726' title='bbox 1938 2512 2043 2536; x_wconf 87' lang='lat' dir='ltr'>autern</span> <span class='ocrx_word' id='word_1_727' title='bbox 2061 2506 2134 2536; x_wconf 90' lang='lat' dir='ltr'>huic</span> <span class='ocrx_word' id='word_1_728' title='bbox 2151 2506 2256 2536; x_wconf 88' lang='lat' dir='ltr'>sensui</span> <span class='ocrx_word' id='word_1_729' title='bbox 2275 2506 2362 2546; x_wconf 93' lang='lat' dir='ltr'>quod</span> <span class='ocrx_word' id='word_1_730' title='bbox 2377 2507 2512 2536; x_wconf 90' lang='lat' dir='ltr'>arduum</span> 
     </span>
     <span class='ocr_line' id='line_1_103' title="bbox 1458 2549 2512 2589; baseline 0.002 -11"><span class='ocrx_word' id='word_1_731' title='bbox 1458 2549 1490 2578; x_wconf 90' lang='lat' dir='ltr'>in</span> <span class='ocrx_word' id='word_1_732' title='bbox 1513 2549 1614 2579; x_wconf 88' lang='lat' dir='ltr'>littera</span> <span class='ocrx_word' id='word_1_733' title='bbox 1644 2549 1774 2588; x_wconf 85' lang='lat' dir='ltr'>ponitur</span> <span class='ocrx_word' id='word_1_734' title='bbox 1801 2549 2001 2588; x_wconf 86' lang='lat' dir='ltr'>depulsivum</span> <span class='ocrx_word' id='word_1_735' title='bbox 2030 2556 2060 2579; x_wconf 91' lang='lat' dir='ltr'>et</span> <span class='ocrx_word' id='word_1_736' title='bbox 2089 2550 2305 2580; x_wconf 67' lang='lat' dir='ltr'>attractivum:</span> <span class='ocrx_word' id='word_1_737' title='bbox 2330 2550 2418 2589; x_wconf 92' lang='lat' dir='ltr'>quod</span> <span class='ocrx_word' id='word_1_738' title='bbox 2447 2560 2512 2580; x_wconf 91' lang='lat' dir='ltr'>non</span> 
     </span>
     <span class='ocr_line' id='line_1_104' title="bbox 1459 2591 2514 2633; baseline 0.001 -11"><span class='ocrx_word' id='word_1_739' title='bbox 1459 2591 1554 2630; x_wconf 87' lang='lat' dir='ltr'>fieret,</span> <span class='ocrx_word' id='word_1_740' title='bbox 1572 2593 1597 2622; x_wconf 91' lang='lat' dir='ltr'>si</span> <span class='ocrx_word' id='word_1_741' title='bbox 1621 2593 1796 2622; x_wconf 89' lang='lat' dir='ltr'>secundum</span> <span class='ocrx_word' id='word_1_742' title='bbox 1816 2603 1848 2622; x_wconf 89' lang='lat' dir='ltr'>se</span> <span class='ocrx_word' id='word_1_743' title='bbox 1872 2600 2056 2623; x_wconf 88' lang='lat' dir='ltr'>sumeretur.</span> <span class='ocrx_word' id='word_1_744' title='bbox 2080 2594 2173 2623; x_wconf 91' lang='lat' dir='ltr'>Nunc</span> <span class='ocrx_word' id='word_1_745' title='bbox 2195 2600 2301 2623; x_wconf 91' lang='lat' dir='ltr'>autem</span> <span class='ocrx_word' id='word_1_746' title='bbox 2323 2592 2367 2629; x_wconf 87' lang='lat' dir='ltr'>fit,</span> <span class='ocrx_word' id='word_1_747' title='bbox 2389 2593 2463 2633; x_wconf 89' lang='lat' dir='ltr'>quia</span> <span class='ocrx_word' id='word_1_748' title='bbox 2483 2600 2514 2624; x_wconf 89' lang='lat' dir='ltr'>et</span> 
     </span>
     <span class='ocr_line' id='line_1_105' title="bbox 1459 2636 2512 2676; baseline 0.002 -11"><span class='ocrx_word' id='word_1_749' title='bbox 1459 2636 1588 2676; x_wconf 87' lang='lat' dir='ltr'>aliquod</span> <span class='ocrx_word' id='word_1_750' title='bbox 1611 2637 1733 2666; x_wconf 89' lang='lat' dir='ltr'>bonum</span> <span class='ocrx_word' id='word_1_751' title='bbox 1757 2637 1892 2666; x_wconf 87' lang='lat' dir='ltr'>arduum</span> <span class='ocrx_word' id='word_1_752' title='bbox 1916 2643 1962 2667; x_wconf 88' lang='lat' dir='ltr'>est</span> <span class='ocrx_word' id='word_1_753' title='bbox 1984 2637 2199 2676; x_wconf 85' lang='lat' dir='ltr'>depulsivum,</span> <span class='ocrx_word' id='word_1_754' title='bbox 2224 2644 2260 2667; x_wconf 92' lang='lat' dir='ltr'>ut</span> <span class='ocrx_word' id='word_1_755' title='bbox 2283 2637 2443 2667; x_wconf 89' lang='lat' dir='ltr'>obiectum</span> <span class='ocrx_word' id='word_1_756' title='bbox 2466 2644 2512 2667; x_wconf 92' lang='lat' dir='ltr'>est</span> 
     </span>
     <span class='ocr_line' id='line_1_106' title="bbox 1459 2679 2511 2720; baseline 0.002 -11"><span class='ocrx_word' id='word_1_757' title='bbox 1459 2679 1698 2719; x_wconf 85' lang='lat' dir='ltr'>desperationis;</span> <span class='ocrx_word' id='word_1_758' title='bbox 1727 2687 1757 2710; x_wconf 88' lang='lat' dir='ltr'>et</span> <span class='ocrx_word' id='word_1_759' title='bbox 1780 2680 1909 2720; x_wconf 88' lang='lat' dir='ltr'>aliquod</span> <span class='ocrx_word' id='word_1_760' title='bbox 1931 2680 2052 2710; x_wconf 89' lang='lat' dir='ltr'>malum</span> <span class='ocrx_word' id='word_1_761' title='bbox 2076 2681 2210 2710; x_wconf 90' lang='lat' dir='ltr'>arduum</span> <span class='ocrx_word' id='word_1_762' title='bbox 2235 2688 2282 2711; x_wconf 88' lang='lat' dir='ltr'>est</span> <span class='ocrx_word' id='word_1_763' title='bbox 2304 2680 2511 2717; x_wconf 85' lang='lat' dir='ltr'>attractivum,</span> 
     </span>
     <span class='ocr_line' id='line_1_107' title="bbox 1459 2722 1857 2754; baseline 0.003 -1"><span class='ocrx_word' id='word_1_764' title='bbox 1459 2730 1494 2753; x_wconf 91' lang='lat' dir='ltr'>ut</span> <span class='ocrx_word' id='word_1_765' title='bbox 1516 2722 1677 2754; x_wconf 90' lang='lat' dir='ltr'>obiectum</span> <span class='ocrx_word' id='word_1_766' title='bbox 1701 2723 1857 2754; x_wconf 90' lang='lat' dir='ltr'>audaciae.</span> 
     </span>
    </p>
   </div>
   <div class='ocr_carea' id='block_1_25' title="bbox 382 2865 2180 3004">
    <p class='ocr_par' dir='ltr' id='par_1_28' title="bbox 382 2865 2180 3004">
     <span class='ocr_line' id='line_1_108' title="bbox 1149 2865 1717 2917; baseline -0.002 -1"><span class='ocrx_word' id='word_1_767' title='bbox 1149 2874 1462 2917; x_wconf 90' lang='lat' dir='ltr'>ARTICULUS</span> <span class='ocrx_word' id='word_1_768' title='bbox 1491 2865 1717 2916; x_wconf 81' lang='lat' dir='ltr'>T&#39;ERTIUS</span> 
     </span>
     <span class='ocr_line' id='line_1_109' title="bbox 382 2954 2180 3004; baseline -0.001 -5"><span class='ocrx_word' id='word_1_769' title='bbox 382 2954 393 2974; x_wconf 64' lang='lat' dir='ltr'><strong><em>s</em></strong></span> <span class='ocrx_word' id='word_1_770' title='bbox 728 2968 882 2998; x_wconf 88' lang='lat' dir='ltr'>UTRUM</span> <span class='ocrx_word' id='word_1_771' title='bbox 905 2967 970 2997; x_wconf 85' lang='lat' dir='ltr'>SIT</span> <span class='ocrx_word' id='word_1_772' title='bbox 994 2967 1157 3004; x_wconf 86' lang='lat' dir='ltr'><strong>ALIQUA</strong></span> <span class='ocrx_word' id='word_1_773' title='bbox 1180 2967 1325 2997; x_wconf 78' lang='lat' dir='ltr'>PAssm</span> <span class='ocrx_word' id='word_1_774' title='bbox 1348 2967 1513 2997; x_wconf 83' lang='lat' dir='ltr'>ANIMAE</span> <span class='ocrx_word' id='word_1_775' title='bbox 1537 2967 1628 2998; x_wconf 87' lang='lat' dir='ltr'>NON</span> <span class='ocrx_word' id='word_1_776' title='bbox 1652 2967 1820 2997; x_wconf 86' lang='lat' dir='ltr'>HABENS</span> <span class='ocrx_word' id='word_1_777' title='bbox 1843 2967 2130 2997; x_wconf 85' lang='lat' dir='ltr'>CONTRARIUM</span> <span class='ocrx_word' id='word_1_778' title='bbox 2177 2992 2180 2995; x_wconf 96' lang='lat'>.</span> 
     </span>
    </p>
   </div>
   <div class='ocr_carea' id='block_1_26' title="bbox 725 3044 2122 3084">
    <p class='ocr_par' dir='ltr' id='par_1_29' title="bbox 725 3044 2122 3084">
     <span class='ocr_line' id='line_1_110' title="bbox 725 3044 2122 3084; baseline 0 -14"><span class='ocrx_word' id='word_1_779' title='bbox 725 3046 797 3077; x_wconf 87' lang='lat' dir='ltr'>Infra,</span> <span class='ocrx_word' id='word_1_780' title='bbox 818 3054 861 3078; x_wconf 88' lang='lat' dir='ltr'>qu.</span> <span class='ocrx_word' id='word_1_781' title='bbox 880 3053 944 3075; x_wconf 69' lang='lat' dir='ltr'>mm,</span> <span class='ocrx_word' id='word_1_782' title='bbox 965 3050 1012 3070; x_wconf 79' lang='lat' dir='ltr'>art.</span> <span class='ocrx_word' id='word_1_783' title='bbox 1034 3053 1054 3075; x_wconf 84' lang='lat'>1,</span> <span class='ocrx_word' id='word_1_784' title='bbox 1073 3045 1106 3074; x_wconf 74' lang='lat' dir='ltr'>ad</span> <span class='ocrx_word' id='word_1_785' title='bbox 1127 3052 1140 3068; x_wconf 88' lang='lat'>2</span> <span class='ocrx_word' id='word_1_786' title='bbox 1147 3052 1154 3075; x_wconf 78' lang='lat'><em>3</em></span> <span class='ocrx_word' id='word_1_787' title='bbox 1174 3045 1205 3084; x_wconf 76' lang='lat' dir='ltr'>III</span> <span class='ocrx_word' id='word_1_788' title='bbox 1225 3045 1307 3074; x_wconf 67' lang='lat' dir='ltr'>Sent„</span> <span class='ocrx_word' id='word_1_789' title='bbox 1327 3044 1385 3070; x_wconf 86' lang='lat' dir='ltr'>dist.</span> <span class='ocrx_word' id='word_1_790' title='bbox 1403 3052 1468 3075; x_wconf 74' lang='lat' dir='ltr'>xxw,</span> <span class='ocrx_word' id='word_1_791' title='bbox 1489 3052 1532 3076; x_wconf 87' lang='lat' dir='ltr'>qu.</span> <span class='ocrx_word' id='word_1_792' title='bbox 1556 3053 1576 3075; x_wconf 82' lang='lat'>1,</span> <span class='ocrx_word' id='word_1_793' title='bbox 1597 3044 1691 3075; x_wconf 54' lang='grc' dir='ltr'>ἐιη-,3η</span> <span class='ocrx_word' id='word_1_794' title='bbox 1712 3046 1753 3069; x_wconf 85' lang='lat' dir='ltr'>De</span> <span class='ocrx_word' id='word_1_795' title='bbox 1778 3045 1865 3074; x_wconf 67' lang='lat' dir='ltr'>Verit„</span> <span class='ocrx_word' id='word_1_796' title='bbox 1885 3053 1929 3077; x_wconf 88' lang='lat' dir='ltr'>qu.</span> <span class='ocrx_word' id='word_1_797' title='bbox 1947 3053 2012 3076; x_wconf 65' lang='lat' dir='ltr'>xxm,</span> <span class='ocrx_word' id='word_1_798' title='bbox 2032 3051 2078 3070; x_wconf 83' lang='lat' dir='ltr'>art.</span> <span class='ocrx_word' id='word_1_799' title='bbox 2097 3053 2122 3076; x_wconf 82' lang='lat'>4.</span> 
     </span>
    </p>
   </div>
   <div class='ocr_carea' id='block_1_27' title="bbox 347 3131 1403 3442">
    <p class='ocr_par' dir='ltr' id='par_1_30' title="bbox 347 3131 1403 3442">
     <span class='ocr_line' id='line_1_111' title="bbox 380 3131 1403 3192; baseline -0.004 -21"><span class='ocrx_word' id='word_1_800' title='bbox 380 3150 441 3192; x_wconf 43' lang='lat'>&gt;0²5¹</span> <span class='ocrx_word' id='word_1_801' title='bbox 467 3170 481 3181; x_wconf 66' lang='lat'>..</span> <span class='ocrx_word' id='word_1_802' title='bbox 498 3158 535 3181; x_wconf 40' lang='grc' dir='ltr'>,μ</span> <span class='ocrx_word' id='word_1_803' title='bbox 558 3145 581 3171; x_wconf 87' lang='lat' dir='ltr'>D</span> <span class='ocrx_word' id='word_1_804' title='bbox 601 3144 760 3170; x_wconf 77' lang='lat' dir='ltr'>TERTmM</span> <span class='ocrx_word' id='word_1_805' title='bbox 788 3144 841 3169; x_wconf 78' lang='lat' dir='ltr'>sm</span> <span class='ocrx_word' id='word_1_806' title='bbox 861 3143 1100 3168; x_wconf 81' lang='lat' dir='ltr'>PROCEDITUR.</span> <span class='ocrx_word' id='word_1_807' title='bbox 1120 3131 1280 3167; x_wconf 89' lang='lat' dir='ltr'>Videtur</span> <span class='ocrx_word' id='word_1_808' title='bbox 1298 3131 1403 3180; x_wconf 91' lang='lat' dir='ltr'>quod</span> 
     </span>
     <span class='ocr_line' id='line_1_112' title="bbox 375 3164 1402 3244; baseline -0.004 -21"><span class='ocrx_word' id='word_1_809' title='bbox 375 3164 536 3244; x_wconf 40' lang='lat' dir='ltr'>RQ}</span> <span class='ocrx_word' id='word_1_810' title='bbox 559 3186 683 3223; x_wconf 92' lang='lat' dir='ltr'>omnis</span> <span class='ocrx_word' id='word_1_811' title='bbox 701 3184 827 3234; x_wconf 89' lang='lat' dir='ltr'>passio</span> <span class='ocrx_word' id='word_1_812' title='bbox 844 3185 992 3235; x_wconf 87' lang='lat' dir='ltr'>animae</span> <span class='ocrx_word' id='word_1_813' title='bbox 1007 3185 1144 3220; x_wconf 88' lang='lat' dir='ltr'>habeat</span> <span class='ocrx_word' id='word_1_814' title='bbox 1159 3183 1298 3232; x_wconf 91' lang='lat' dir='ltr'>aliquid</span> <span class='ocrx_word' id='word_1_815' title='bbox 1314 3195 1402 3220; x_wconf 95' lang='lat' dir='ltr'>con-</span> 
     </span>
     <span class='ocr_line' id='line_1_113' title="bbox 366 3225 1401 3295; baseline -0.003 -20"><span class='ocrx_word' id='word_1_816' title='bbox 366 3230 481 3295; x_wconf 39' lang='lat'>25⁸³?</span> <span class='ocrx_word' id='word_1_817' title='bbox 496 3225 726 3277; x_wconf 67' lang='lat' dir='ltr'>&#39;&#39;trarium.</span> <span class='ocrx_word' id='word_1_818' title='bbox 748 3237 884 3274; x_wconf 90' lang='lat' dir='ltr'>Omnis</span> <span class='ocrx_word' id='word_1_819' title='bbox 905 3237 1005 3273; x_wconf 89' lang='lat' dir='ltr'>enim</span> <span class='ocrx_word' id='word_1_820' title='bbox 1024 3236 1148 3285; x_wconf 91' lang='lat' dir='ltr'>passio</span> <span class='ocrx_word' id='word_1_821' title='bbox 1170 3236 1320 3273; x_wconf 88' lang='lat' dir='ltr'>animae</span> <span class='ocrx_word' id='word_1_822' title='bbox 1338 3237 1401 3273; x_wconf 92' lang='lat' dir='ltr'>vel</span> 
     </span>
     <span class='ocr_line' id='line_1_114' title="bbox 366 3268 1400 3338; baseline -0.003 -11"><span class='ocrx_word' id='word_1_823' title='bbox 366 3296 370 3299; x_wconf 83' lang='lat'><strong><em>‘</em></strong></span> <span class='ocrx_word' id='word_1_824' title='bbox 405 3268 502 3327; x_wconf 54' lang='lat'>(⁰255)</span> <span class='ocrx_word' id='word_1_825' title='bbox 517 3284 615 3329; x_wconf 42' lang='lat' dir='ltr'>&amp;est</span> <span class='ocrx_word' id='word_1_826' title='bbox 646 3290 684 3327; x_wconf 91' lang='lat' dir='ltr'>in</span> <span class='ocrx_word' id='word_1_827' title='bbox 714 3289 893 3327; x_wconf 77' lang='lat' dir='ltr'>¹irascibili</span> <span class='ocrx_word' id='word_1_828' title='bbox 927 3290 990 3326; x_wconf 86' lang='lat' dir='ltr'>vel</span> <span class='ocrx_word' id='word_1_829' title='bbox 1023 3289 1060 3326; x_wconf 91' lang='lat' dir='ltr'>in</span> <span class='ocrx_word' id='word_1_830' title='bbox 1099 3288 1400 3338; x_wconf 87' lang='lat' dir='ltr'>concupiscibili,</span> 
     </span>
     <span class='ocr_line' id='line_1_115' title="bbox 348 3341 1401 3392; baseline -0.004 -11"><span class='ocrx_word' id='word_1_831' title='bbox 348 3343 442 3381; x_wconf 89' lang='lat' dir='ltr'>sicut</span> <span class='ocrx_word' id='word_1_832' title='bbox 469 3355 582 3392; x_wconf 89' lang='lat' dir='ltr'>supra</span> <span class='ocrx_word' id='word_1_833' title='bbox 599 3343 620 3365; x_wconf 77' lang='lat'>&#39;¹‘</span> <span class='ocrx_word' id='word_1_834' title='bbox 648 3342 789 3380; x_wconf 88' lang='lat' dir='ltr'>dictum</span> <span class='ocrx_word' id='word_1_835' title='bbox 810 3350 874 3380; x_wconf 92' lang='lat' dir='ltr'>est.</span> <span class='ocrx_word' id='word_1_836' title='bbox 907 3342 983 3379; x_wconf 87' lang='lat' dir='ltr'>Sed</span> <span class='ocrx_word' id='word_1_837' title='bbox 1005 3349 1188 3390; x_wconf 90' lang='lat' dir='ltr'>utraeque</span> <span class='ocrx_word' id='word_1_838' title='bbox 1207 3341 1401 3390; x_wconf 90' lang='lat' dir='ltr'>passiones</span> 
     </span>
     <span class='ocr_line' id='line_1_116' title="bbox 347 3393 1401 3442; baseline -0.003 -9"><span class='ocrx_word' id='word_1_839' title='bbox 347 3394 489 3433; x_wconf 90' lang='lat' dir='ltr'>habent</span> <span class='ocrx_word' id='word_1_840' title='bbox 513 3396 823 3433; x_wconf 79' lang='lat' dir='ltr'>&#39;contrarietatem</span> <span class='ocrx_word' id='word_1_841' title='bbox 861 3407 929 3432; x_wconf 91' lang='lat' dir='ltr'>suo</span> <span class='ocrx_word' id='word_1_842' title='bbox 972 3395 1102 3432; x_wconf 92' lang='lat' dir='ltr'>modo.</span> <span class='ocrx_word' id='word_1_843' title='bbox 1134 3394 1235 3442; x_wconf 86' lang='lat' dir='ltr'>Ergo</span> <span class='ocrx_word' id='word_1_844' title='bbox 1277 3393 1401 3430; x_wconf 88' lang='lat' dir='ltr'>omnis</span> 
     </span>
    </p>
   </div>
   <div class='ocr_carea' id='block_1_28' title="bbox 346 3447 1061 3499">
    <p class='ocr_par' dir='ltr' id='par_1_31' title="bbox 346 3447 1061 3499">
     <span class='ocr_line' id='line_1_117' title="bbox 346 3447 1061 3499; baseline -0.003 -13"><span class='ocrx_word' id='word_1_845' title='bbox 346 3450 472 3499; x_wconf 93' lang='lat' dir='ltr'>passio</span> <span class='ocrx_word' id='word_1_846' title='bbox 502 3449 650 3486; x_wconf 88' lang='lat' dir='ltr'>animae</span> <span class='ocrx_word' id='word_1_847' title='bbox 678 3449 792 3485; x_wconf 90' lang='lat' dir='ltr'>habet</span> <span class='ocrx_word' id='word_1_848' title='bbox 821 3447 1061 3485; x_wconf 90' lang='lat' dir='ltr'>contrarium.</span> 
     </span>
    </p>
   </div>
   <div class='ocr_carea' id='block_1_29' title="bbox 365 3149 545 3334">
    <p class='ocr_par' dir='ltr' id='par_1_32' title="bbox 365 3149 545 3334">
     <span class='ocr_line' id='line_1_118' title="bbox 365 3149 545 3334; baseline 0 0"><span class='ocrx_word' id='word_1_849' title='bbox 365 3149 545 3334; x_wconf 95' lang='lat' dir='ltr'>  </span> 
     </span>
    </p>
   </div>
   <div class='ocr_carea' id='block_1_30' title="bbox 400 3569 720 3601">
    <p class='ocr_par' dir='ltr' id='par_1_33' title="bbox 400 3569 720 3601">
     <span class='ocr_line' id='line_1_119' title="bbox 400 3569 720 3601; baseline 0.003 -9"><span class='ocrx_word' id='word_1_850' title='bbox 400 3569 428 3601; x_wconf 87' lang='grc' dir='ltr'>α)</span> <span class='ocrx_word' id='word_1_851' title='bbox 447 3569 495 3594; x_wconf 85' lang='lat' dir='ltr'>vel.</span> <span class='ocrx_word' id='word_1_852' title='bbox 513 3583 531 3588; x_wconf 95' lang='lat'>—</span> <span class='ocrx_word' id='word_1_853' title='bbox 549 3569 611 3594; x_wconf 93' lang='lat' dir='ltr'>Om.</span> <span class='ocrx_word' id='word_1_854' title='bbox 630 3569 720 3593; x_wconf 86' lang='lat' dir='ltr'>PFKa.</span> 
     </span>
    </p>
   </div>
   <div class='ocr_carea' id='block_1_31' title="bbox 1456 3132 2512 3496">
    <p class='ocr_par' dir='ltr' id='par_1_34' title="bbox 1456 3132 2512 3430">
     <span class='ocr_line' id='line_1_120' title="bbox 1511 3132 2512 3180; baseline 0.006 -13"><span class='ocrx_word' id='word_1_855' title='bbox 1511 3143 1544 3168; x_wconf 89' lang='lat'>2.</span> <span class='ocrx_word' id='word_1_856' title='bbox 1565 3132 1796 3178; x_wconf 76' lang='lat' dir='ltr'>PRAETEREA,</span> <span class='ocrx_word' id='word_1_857' title='bbox 1819 3132 1941 3169; x_wconf 91' lang='lat' dir='ltr'>omnis</span> <span class='ocrx_word' id='word_1_858' title='bbox 1959 3133 2085 3180; x_wconf 91' lang='lat' dir='ltr'>passio</span> <span class='ocrx_word' id='word_1_859' title='bbox 2106 3133 2255 3170; x_wconf 91' lang='lat' dir='ltr'>animae</span> <span class='ocrx_word' id='word_1_860' title='bbox 2275 3135 2390 3172; x_wconf 88' lang='lat' dir='ltr'>habet</span> <span class='ocrx_word' id='word_1_861' title='bbox 2411 3136 2474 3172; x_wconf 88' lang='lat' dir='ltr'>vel</span> <span class='ocrx_word' id='word_1_862' title='bbox 2495 3141 2512 3157; x_wconf 60' lang='grc' dir='ltr'><strong>α</strong></span> 
     </span>
     <span class='ocr_line' id='line_1_121' title="bbox 1456 3184 2509 3234; baseline 0.005 -14"><span class='ocrx_word' id='word_1_863' title='bbox 1456 3184 1601 3220; x_wconf 91' lang='lat' dir='ltr'>bonurn</span> <span class='ocrx_word' id='word_1_864' title='bbox 1621 3185 1682 3220; x_wconf 92' lang='lat' dir='ltr'>vel</span> <span class='ocrx_word' id='word_1_865' title='bbox 1711 3185 1854 3221; x_wconf 92' lang='lat' dir='ltr'>malum</span> <span class='ocrx_word' id='word_1_866' title='bbox 1883 3197 1953 3233; x_wconf 88' lang='lat' dir='ltr'>pro</span> <span class='ocrx_word' id='word_1_867' title='bbox 1983 3185 2144 3232; x_wconf 90' lang='lat' dir='ltr'>obiecto,</span> <span class='ocrx_word' id='word_1_868' title='bbox 2167 3198 2265 3234; x_wconf 90' lang='lat' dir='ltr'>quae</span> <span class='ocrx_word' id='word_1_869' title='bbox 2294 3195 2381 3224; x_wconf 93' lang='lat' dir='ltr'>sunt</span> <span class='ocrx_word' id='word_1_870' title='bbox 2409 3188 2509 3225; x_wconf 93' lang='lat' dir='ltr'>obie-</span> 
     </span>
     <span class='ocr_line' id='line_1_122' title="bbox 1457 3237 2512 3288; baseline 0.005 -16"><span class='ocrx_word' id='word_1_871' title='bbox 1457 3244 1513 3272; x_wconf 91' lang='lat' dir='ltr'>cta</span> <span class='ocrx_word' id='word_1_872' title='bbox 1541 3237 1801 3273; x_wconf 90' lang='lat' dir='ltr'>universaliter</span> <span class='ocrx_word' id='word_1_873' title='bbox 1828 3237 2052 3286; x_wconf 88' lang='lat' dir='ltr'>appetitivae</span> <span class='ocrx_word' id='word_1_874' title='bbox 2080 3238 2205 3286; x_wconf 89' lang='lat' dir='ltr'>partis.</span> <span class='ocrx_word' id='word_1_875' title='bbox 2242 3240 2318 3277; x_wconf 90' lang='lat' dir='ltr'>Sed</span> <span class='ocrx_word' id='word_1_876' title='bbox 2345 3241 2512 3288; x_wconf 90' lang='lat' dir='ltr'>passioni</span> 
     </span>
     <span class='ocr_line' id='line_1_123' title="bbox 1457 3289 2511 3340; baseline 0.005 -15"><span class='ocrx_word' id='word_1_877' title='bbox 1457 3289 1561 3325; x_wconf 91' lang='lat' dir='ltr'>cuius</span> <span class='ocrx_word' id='word_1_878' title='bbox 1577 3289 1768 3326; x_wconf 90' lang='lat' dir='ltr'>obiectum</span> <span class='ocrx_word' id='word_1_879' title='bbox 1789 3297 1844 3326; x_wconf 91' lang='lat' dir='ltr'>est</span> <span class='ocrx_word' id='word_1_880' title='bbox 1863 3291 2018 3336; x_wconf 89' lang='lat' dir='ltr'>bonum,</span> <span class='ocrx_word' id='word_1_881' title='bbox 2040 3291 2245 3340; x_wconf 92' lang='lat' dir='ltr'>opponitur</span> <span class='ocrx_word' id='word_1_882' title='bbox 2258 3293 2383 3340; x_wconf 89' lang='lat' dir='ltr'>passio</span> <span class='ocrx_word' id='word_1_883' title='bbox 2406 3293 2511 3330; x_wconf 91' lang='lat' dir='ltr'>cuius</span> 
     </span>
     <span class='ocr_line' id='line_1_124' title="bbox 1457 3341 2511 3393; baseline 0.005 -16"><span class='ocrx_word' id='word_1_884' title='bbox 1457 3341 1646 3378; x_wconf 91' lang='lat' dir='ltr'>obiectum</span> <span class='ocrx_word' id='word_1_885' title='bbox 1680 3349 1735 3378; x_wconf 91' lang='lat' dir='ltr'>est</span> <span class='ocrx_word' id='word_1_886' title='bbox 1767 3343 1922 3379; x_wconf 89' lang='lat' dir='ltr'>malum.</span> <span class='ocrx_word' id='word_1_887' title='bbox 1953 3343 2054 3390; x_wconf 89' lang='lat' dir='ltr'>Ergo</span> <span class='ocrx_word' id='word_1_888' title='bbox 2091 3344 2216 3381; x_wconf 91' lang='lat' dir='ltr'>omnis</span> <span class='ocrx_word' id='word_1_889' title='bbox 2242 3345 2368 3393; x_wconf 91' lang='lat' dir='ltr'>passio</span> <span class='ocrx_word' id='word_1_890' title='bbox 2396 3346 2511 3382; x_wconf 92' lang='lat' dir='ltr'>habet</span> 
     </span>
     <span class='ocr_line' id='line_1_125' title="bbox 1457 3401 1698 3430; baseline 0 0"><span class='ocrx_word' id='word_1_891' title='bbox 1457 3401 1698 3430; x_wconf 83' lang='lat' dir='ltr'>contranum.</span> 
     </span>
    </p>

    <p class='ocr_par' dir='ltr' id='par_1_35' title="bbox 1512 3447 2511 3496">
     <span class='ocr_line' id='line_1_126' title="bbox 1512 3447 2511 3496; baseline 0.005 -14"><span class='ocrx_word' id='word_1_892' title='bbox 1512 3447 1545 3483; x_wconf 89' lang='lat'>3.</span> <span class='ocrx_word' id='word_1_893' title='bbox 1567 3447 1797 3494; x_wconf 82' lang='lat' dir='ltr'>PRAETEREA,</span> <span class='ocrx_word' id='word_1_894' title='bbox 1819 3447 1942 3484; x_wconf 92' lang='lat' dir='ltr'>omnis</span> <span class='ocrx_word' id='word_1_895' title='bbox 1971 3448 2097 3496; x_wconf 86' lang='lat' dir='ltr'>passio</span> <span class='ocrx_word' id='word_1_896' title='bbox 2126 3449 2275 3486; x_wconf 89' lang='lat' dir='ltr'>animae</span> <span class='ocrx_word' id='word_1_897' title='bbox 2296 3458 2351 3486; x_wconf 92' lang='lat' dir='ltr'>est</span> <span class='ocrx_word' id='word_1_898' title='bbox 2378 3462 2511 3487; x_wconf 92' lang='lat' dir='ltr'>secun-</span> 
     </span>
    </p>
   </div>
   <div class='ocr_carea' id='block_1_32' title="bbox 1663 3528 1819 3534">
    <p class='ocr_par' dir='ltr' id='par_1_36' title="bbox 1663 3528 1819 3534">
     <span class='ocr_line' id='line_1_127' title="bbox 1663 3528 1819 3534; baseline 0 0"><span class='ocrx_word' id='word_1_899' title='bbox 1663 3528 1819 3534; x_wconf 95' lang='lat' dir='ltr'> </span> 
     </span>
    </p>
   </div>
   <div class='ocr_carea' id='block_1_33' title="bbox 2539 925 2620 945">
    <p class='ocr_par' dir='ltr' id='par_1_37' title="bbox 2539 925 2620 945">
     <span class='ocr_line' id='line_1_128' title="bbox 2539 925 2620 945; baseline 0 0"><span class='ocrx_word' id='word_1_900' title='bbox 2539 926 2547 933; x_wconf 86' lang='grc'><em>·</em></span> <span class='ocrx_word' id='word_1_901' title='bbox 2563 925 2620 945; x_wconf 84' lang='lat' dir='ltr'>Ibid.</span> 
     </span>
    </p>
   </div>
  </div>
 </body>
</html>
