2852 4152
90 2011 100 2021 ·
115 2009 172 2038 Cup.
186 2014 218 2036 ιι,
231 2014 265 2030 xx.

89 2274 248 2302 *Nemo-iun,
255 2274 302 2296 loc.

967 234 1230 280 QUAESTIO
1259 236 1418 283 XXXV,
1447 236 1742 273 ARTICULUS
1769 237 1854 273 VIII

331 311 445 350 hendi
459 310 726 359 imaginatione
744 317 779 347 et
794 311 954 357 ratione;
971 312 1037 348 sed
1052 325 1130 349 non
1142 313 1382 350 convertitur.

95 373 305 422 grlgurs-Sedcon-
331 365 380 402 Et
402 364 489 401 ideo
510 363 698 411 signanter
717 363 755 399 in
774 364 994 400 auctoritate
1014 365 1176 402 adducta
1195 365 1215 387 ’¹‘
1239 365 1382 412 dicitur,

336 417 464 454 Omnis
485 416 606 465 plaga
634 415 779 452 tristitia
807 417 929 452 cordis
956 423 1025 453 est:
1054 417 1142 465 quia
1175 417 1289 454 etiam
1318 418 1384 455 do-

330 469 428 506 lores
467 468 693 505 exteriorum
729 469 926 516 plagarum
960 470 1029 506 sub
1062 470 1227 506 interiori
1261 470 1384 507 cordis

329 521 473 558 tristitia
500 520 885 569 comprehenduntur.
938 549 939 552 η

383 576 442 610 An
470 585 606 610 ptumum
635 584 732 609 ERGO
759 585 942 610 DICENDUM
971 574 1074 622 quod
1098 574 1206 611 dolor
1231 574 1385 611 interior

330 633 455 675 potest
475 625 588 662 etiarn
609 637 690 661 esse
711 625 758 662 de
777 625 834 661 his
854 638 951 674 quae
977 626 1249 663 contrariantur
1271 627 1382 664 vitae.

332 679 380 715 Et
399 679 450 715 sic
475 677 708 726 comparatio
729 678 868 715 doloris
887 679 1071 715 interioris
1091 679 1139 716 ad
1161 679 1383 716 exteriorem

331 743 410 768 non
430 737 485 767 est
508 730 727 778 accipienda
756 731 966 768 secundum
992 731 1140 768 diversa
1163 732 1262 768 mala
1286 744 1382 780 quae

332 790 418 820 sunt
438 794 551 819 causa
571 782 732 820 doloris:
753 784 818 820 sed
839 784 1047 820 secundum
1069 784 1258 821 diversam
1279 796 1383 820 com-

330 835 568 884 parationem
601 835 712 872 huius
748 848 884 873 causae
918 836 1057 873 doloris
1085 836 1134 873 ad
1162 836 1382 884 appetitum.

383 889 442 924 An
462 899 650 924 SECUNDUM
669 900 852 925 D1CENDUM
868 889 972 936 quod
987 889 1128 925 tristitia
1142 888 1294 925 interior
1307 901 1384 925 non

329 940 503 988 procedit
531 952 575 976 ex
604 940 843 978 similitudine
872 941 924 978 rei
953 941 1201 989 apprehensa,
1227 941 1321 977 sicut
1340 953 1384 977 ex

331 1004 460 1029 causa:
491 1004 569 1029 non
598 993 698 1029 enim
727 994 845 1030 homo
873 993 1037 1030 tristatur
1064 993 1218 1030 interius
1238 993 1284 1030 de
1304 993 1385 1042 ipsa

330 1044 572 1082 similitudine
601 1047 853 1094 apprehensa,
884 1046 951 1083 sed
980 1046 1025 1082 de
1055 1058 1093 1082 re
1124 1045 1229 1082 cuius
1257 1053 1312 1082 est
1340 1045 1385 1082 si-

330 1097 514 1135 militudo.
546 1098 655 1144 Quae
685 1098 839 1147 quidem
869 1110 927 1135 res
955 1106 1058 1135 tanto
1093 1098 1292 1146 perfectius
1321 1110 1385 1146 ap-

2414 249 2489 287 247

1437 314 1681 362 prehenditur
1712 326 1781 362 per
1812 314 1977 363 aliquam
2012 315 2313 363 similitudinem,
2348 324 2489 365 quanto

1438 366 1642 404 similitudo
1663 374 1718 403 est
1745 366 1863 414 magis
1892 367 2147 404 immaterialis
2168 376 2203 404 et
2226 369 2420 405 abstracta.
2442 370 2490 406 Et

1438 418 1524 455 ideo
1554 419 1663 455 dolor
1689 418 1855 465 interior,
1875 431 1943 467 per
1970 431 2011 456 se
2039 420 2245 467 loquendo,
2272 428 2327 456 est
2354 421 2488 468 maior,

1438 478 1618 519 tanquam
1647 471 1694 508 de
1722 470 1856 507 maiori
1891 473 1992 508 malo
2022 472 2196 518 existens3
2230 481 2384 521 propter
2415 474 2489 509 hoc

1438 523 1542 571 quod
1571 523 1734 560 interiori
1768 524 2068 572 apprehensione
2101 524 2220 572 magis
2254 525 2489 572 cognoscitur

1439 576 1592 612 malum.

1490 629 1548 664 AD
1576 640 1734 664 TERTmM
1762 640 1943 666 mOENDUM
1971 629 2077 676 quod
2096 628 2379 665 immutationes
2408 641 2489 665 cor-

1438 681 1586 728 porales
1614 680 1733 727 magis
1761 689 1962 718 causantur
1981 694 2025 717 ex
2046 681 2176 717 dolore
2196 680 2378 727 exteriori,
2407 688 2488 718 tum

1438 732 1526 780 quia
1546 745 1659 769 causa
1683 732 1822 770 doloris
1847 733 2038 770 exterioris
2059 741 2114 770 est
2132 745 2379 781 corrumpens
2400 745 2488 769 con-

1437 784 1605 821 iunctum
1627 786 1878 833 corporaliter,
1900 786 2004 834 quod
2033 785 2142 833 exigit
2165 785 2415 834 apprehensio
2435 793 2488 822 ta-

1439 844 1530 873 ctus.
1551 837 1654 873 Tum
1682 837 1795 874 etiam
1824 839 1912 886 quia
1940 851 2072 875 sensus
2101 837 2259 874 exterior
2287 845 2342 874 est
2369 837 2488 885 magis

1439 889 1644 937 corporalis
1677 902 1792 938 quam
1826 903 1957 927 sensus
1989 891 2160 938 interior,
2188 890 2284 927 sicut
2311 897 2348 926 et
2375 902 2488 938 appe-

1437 941 1524 977 titus
1544 941 1742 978 sensitivus
1762 955 1877 990 quam
1897 942 2153 980 intellectivus.
2170 943 2220 979 Et
2233 950 2388 991 propter
2402 943 2487 989 hoc,

1437 1001 1479 1029 ut
1507 994 1654 1041 supra*
1681 994 1822 1031 dictum
1852 1003 1924 1041 est,
1955 1007 1999 1031 ex
2027 1003 2134 1032 motu
2163 995 2348 1043 appetitus
2373 994 2487 1031 sensi·
2516 1001 2539 1038 ·,
2565 1006 2587 1047 ¹3²·

1438 1045 1502 1082 tivi
1522 1046 1641 1093 magis
1657 1058 1794 1094 corpus
1809 1047 2038 1084 immutatur.
2056 1049 2103 1084 Et
2118 1046 2282 1083 similiter
2297 1059 2340 1083 ex
2357 1047 2487 1083 dolore
2529 1042 2539 1073 ·'

1439 1098 1627 1145 exteriori,
1657 1099 1775 1146 magis
1804 1112 1919 1147 quam
1949 1111 1992 1135 ex
2021 1100 2151 1136 dolore
2178 1099 2353 1136 interiori.

1079 1233 1416 1283 JARTICULUS
1446 1241 1716 1283 OCTAVUS

821 1325 976 1355 UTRUM
999 1325 1096 1354 StNT
1120 1325 1305 1355 TANTUM
1329 1324 1542 1360 QUATUOR
1565 1325 1734 1355 SPECIES
1757 1326 1999 1357 TRISTITIAE

679 1394 752 1425 Infra,
771 1402 816 1426 qu.
834 1401 884 1424 xm,
903 1399 948 1417 art.
966 1400 992 1424 4,
1011 1393 1043 1417 ad
1066 1401 1091 1423 1;
1111 1393 1141 1417 111
1162 1393 1243 1422 Sent„
1263 1392 1322 1417 dist.
1339 1400 1404 1421 xxvr,
1419 1400 1463 1424 qu.
1482 1400 1499 1423 1,
1519 1399 1565 1417 art.
1586 1393 1612 1424 3;
1632 1395 1674 1418 De
1696 1395 1783 1424 Verit„
1804 1403 1848 1427 qu.
1867 1403 1932 1426 xxv15
1951 1401 1998 1420 art.
2016 1403 2041 1427 4,
2061 1397 2093 1420 ad
2111 1394 2135 1420 6.

539 1485 560 1509 D
581 1484 751 1509 OCTAVUM
771 1483 824 1508 stc
843 1483 1080 1508 PROCEDITUR.
1101 1470 1260 1506 Videtur
1279 1470 1381 1516 quod

480 1527 516 1569 ἣ
538 1526 801 1562 Damascenus
831 1524 851 1545 *²
879 1523 1191 1560 inconvenienter
1223 1529 1384 1570 quatuor

346 1612 366 1626 ,¹
475 1566 702 1614 ''tristitiae
747 1576 892 1625 species
933 1575 1118 1623 assignet,
1153 1587 1251 1623 quae
1298 1581 1384 1610 sunt

330 1627 358 1655 ⁰*
383 1648 393 1663 s*
416 1625 678 1676 1‘7aekacedia,
707 1630 858 1666 achthos
878 1629 958 1675 (vel
983 1628 1153 1664 anxietas
1172 1627 1381 1663 secundum

328 1684 553 1732 Gregorium
585 1684 804 1731 Nyssenum
824 1681 871 1727 ³¹²),
891 1680 1146 1717 misericordia
1177 1687 1213 1716 et
1231 1680 1381 1716 invidia.

328 1737 492 1774 Tristitia
511 1735 612 1772 enim
632 1733 868 1772 delectationi
887 1733 1102 1782 opponitur.
1124 1732 1200 1769 Sed
1225 1732 1384 1769 delecta-

327 1789 439 1826 tionis
467 1801 546 1825 non
573 1788 808 1835 assignantur
830 1786 976 1835 aliquae
1005 1785 1160 1834 species.
1182 1786 1283 1832 Ergo
1312 1798 1383 1821 nec

326 1842 494 1880 tristitiae
522 1841 666 1890 species
695 1840 834 1876 debent
862 1838 1051 1886 assignari.
1291 1888 1294 1891 Ι

382 1907 417 1932 2.
438 1895 669 1940 PRAETEREA,
684 1892 910 1940 poenitentia
939 1898 994 1927 est
1021 1891 1210 1939 quaedam
1238 1891 1382 1938 species

327 1947 504 1985 tristitiae.
527 1945 703 1983 Similiter
726 1944 838 1981 etiarn
868 1944 1023 1980 nemesis
1043 1951 1078 1979 et
1097 1943 1206 1991 zelus,
1226 1951 1267 1979 ut
1296 1942 1384 1979 dicit

329 1999 593 2048 Philosophus,
615 2000 646 2034 II
670 1997 856 2034 Rhetoric.
877 1996 897 2018 '¹‘
921 1996 1029 2043 Quae
1056 1996 1210 2043 quidem
1236 1995 1305 2031 sub
1325 1995 1382 2032 his

328 2052 526 2101 speciebus
541 2063 619 2088 non
635 2049 1019 2098 comprehenduntur.
1035 2050 1135 2095 Ergo
1152 2047 1383 2084 insufficiens

328 2113 383 2142 est
412 2105 492 2142 eius
519 2103 710 2152 praedicta
739 2101 885 2138 divisio.

383 2159 417 2194 3.
447 2159 686 2202 PRAETEREA,
721 2154 844 2191 omnis
882 2153 1016 2191 divisio
1051 2153 1165 2190 debet
1201 2165 1282 2190 esse
1315 2165 1383 2201 per

328 2211 512 2260 opposita.
534 2208 611 2245 Sed
630 2207 819 2256 praedicta
848 2219 925 2243 non
944 2207 1085 2243 habent
1103 2205 1383 2254 oppositionem

328 2263 377 2300 ad
395 2262 572 2300 invicem.
595 2261 697 2297 Nam
726 2260 936 2296 secundum
956 2258 1183 2305 Gregorium
1203 2258 1233 2304 ²¹²,
1254 2258 1382 2295 acedia

326 2321 380 2352 est
397 2315 541 2352 tristitia
559 2324 688 2350 vocem
708 2318 925 2359 amputans,·
953 2312 1124 2348 anxietas
1141 2322 1231 2347 vero
1250 2316 1304 2346 est
1319 2311 1382 2347 tri-

323 2369 422 2405 stitia
449 2377 671 2416 aggravans
681 2378 694 2406 ‚·
721 2364 860 2400 invidia
882 2375 972 2400 vero
991 2369 1044 2399 est
1070 2363 1213 2399 tristitia
1233 2363 1269 2399 in
1294 2363 1381 2399 alie-

326 2421 383 2458 nis
411 2420 538 2463 honis‚·
565 2417 820 2454 misericordia
843 2422 966 2452 autem
995 2421 1049 2452 est
1066 2415 1209 2451 tristitia
1237 2415 1274 2451 in
1294 2415 1382 2452 alie-

327 2474 385 2511 nis
411 2472 531 2509 malis.
553 2469 744 2517 Contingit
771 2477 897 2505 autern
928 2468 1092 2517 aliquem
1116 2467 1250 2504 tristari
1271 2476 1306 2505 et
1334 2468 1380 2505 de

326 2525 455 2563 alienis
484 2523 612 2570 malis,
638 2530 674 2559 et
702 2522 749 2558 de
778 2521 906 2558 alienis
935 2521 1060 2567 bonis,
1090 2527 1126 2556 et
1153 2520 1264 2556 simul
1293 2533 1380 2557 cum

326 2579 401 2615 hoc
430 2577 582 2614 interius
610 2574 823 2622 aggravari,
853 2581 888 2609 et
916 2573 1075 2609 exterius
1106 2585 1244 2609 vocem
1273 2573 1380 2609 amit-

327 2638 416 2668 tere.
438 2631 539 2676 Ergo
568 2627 759 2675 praedicta
788 2625 923 2663 divisio
947 2637 1026 2661 non
1054 2632 1109 2661 est
1137 2624 1378 2662 conveniens.

382 2684 456 2719 SED
485 2692 629 2717 CONTRA
666 2690 731 2715 EST
767 2678 968 2714 auctoritas
1001 2676 1213 2725 utriusque,
1244 2677 1381 2714 scilicet

329 2733 499 2782 Gregorii
528 2731 692 2779 Nysseni
721 2738 756 2766 et
783 2729 1011 2766 Damasceni
1039 2729 1069 2765 ³¹⁶.

381 2789 605 2823 RESPONDEO
632 2795 814 2820 DICENDUM
835 2783 938 2831 quod
966 2782 1013 2818 ad
1034 2782 1219 2818 rationem
1243 2782 1379 2830 speciei

326 2839 487 2888 pertinet
515 2837 619 2886 quod
648 2848 688 2872 se
715 2835 852 2872 habeat
881 2847 925 2870 ex
953 2834 1143 2871 additione
1173 2834 1220 2871 ad
1249 2847 1377 2882 genus.

328 2892 405 2929 Sed
439 2890 564 2939 generi
599 2895 723 2938 potest
759 2887 896 2936 aliquid
934 2887 1021 2924 addi
1059 2886 1265 2935 dupliciter.
1292 2887 1378 2923 Uno

326 2944 458 2990 modo,
480 2942 583 2992 quod
611 2954 678 2990 per
697 2953 737 2976 se
766 2940 813 2976 ad
842 2940 966 2988 ipsum
989 2939 1159 2987 pertinet,
1181 2947 1216 2975 et
1243 2939 1378 2976 virtute

327 2996 536 3033 continetur
555 2995 593 3031 in
612 2995 711 3042 ipso:
733 2992 826 3029 sicut
845 2992 1027 3028 rationale
1045 2991 1193 3028 additur
1211 2992 1377 3028 animali.

326 3051 374 3086 Et
402 3049 483 3086 talis
511 3047 652 3084 additio
680 3045 765 3082 facit
792 3057 902 3081 veras
922 3044 1066 3092 species
1088 3044 1242 3080 alicuius
1269 3056 1380 3091 gene-

265 3122 299 3137 ι.-
326 3102 391 3139 ris:
411 3110 449 3138 ut
462 3113 530 3149 per
545 3098 819 3146 Philosophum
840 3105 952 3146 patet,
970 3097 1006 3132 in
1021 3097 1089 3132 VII
1105 3096 1126 3117 '¹‘
1140 3103 1176 3132 et
1193 3097 1279 3132 VIII
1295 3097 1379 3133 Me-

293 3158 299 3163 ‘
326 3156 470 3203 taphys.
490 3153 511 3175 ‘¹‘
529 3174 553 3180 -
574 3150 725 3199 Aliquid
743 3162 837 3187 vero
862 3149 1011 3186 additur
1034 3149 1159 3196 generi
1182 3148 1288 3197 quasi
1318 3149 1380 3185 ali-

255 3200 299 3242 ‘1⁰1
326 3207 416 3255 quid
447 3214 664 3242 extraneum
694 3215 716 3239 a
744 3203 887 3239 ratione
916 3202 1047 3250 ipsius:
1073 3201 1167 3237 sicut
1195 3201 1224 3237 si
1252 3201 1378 3237 album

238 3253 265 3299 ¹¹3
292 3254 299 3294 3
325 3259 484 3297 animali
509 3257 679 3303 addatur,
707 3256 768 3292 vel
797 3254 936 3303 aliquid
964 3254 1193 3290 huiusmodi.
1224 3255 1271 3290 Et
1299 3254 1380 3291 talis

327 3312 466 3350 additio
488 3323 564 3347 non
593 3309 678 3346 facit
697 3321 806 3345 veras
826 3307 970 3356 species
989 3307 1145 3355 generiS,
1168 3307 1378 3343 secundum

326 3365 431 3414 quod
461 3362 714 3400 communiter
738 3361 928 3409 loquimur
957 3359 1003 3396 de
1031 3371 1167 3407 genere
1188 3364 1204 3379 α
1233 3367 1268 3395 et
1296 3372 1379 3407 spe-

328 3418 467 3454 ciebus.
490 3415 681 3452 Interdum
711 3422 838 3450 tamen
859 3412 992 3449 dicitur
1020 3412 1158 3460 aliquid
1187 3424 1267 3448 esse
1297 3424 1379 3460 spe-

1437 1470 1511 1506 cies
1539 1471 1695 1507 alicuius
1718 1473 1864 1519 generis
1883 1480 2037 1521 propter
2060 1474 2133 1509 hoc
2162 1474 2266 1522 quod
2292 1475 2406 1510 habet
2425 1475 2487 1511 ali-

1437 1522 1527 1570 quid
1552 1530 1770 1560 extraneum
1790 1526 1838 1561 ad
1861 1525 1966 1573 quod
1985 1525 2192 1573 applicatur
2210 1526 2355 1573 generis
2375 1527 2486 1564 ratio:

1437 1574 1531 1610 sicut
1568 1575 1680 1611 carbo
1720 1583 1756 1612 et
1791 1576 1947 1612 flamma
1983 1577 2155 1613 dicuntur
2192 1590 2273 1614 esse
2302 1577 2316 1607 β
2344 1579 2488 1626 species

1437 1626 1541 1674 ignis,
1561 1635 1716 1675 propter
1739 1628 2027 1676 applicationem
2055 1636 2208 1665 naturae
2232 1630 2324 1677 ignis
2344 1631 2392 1666 ad
2410 1643 2488 1667 ma-

1437 1679 1568 1715 teriam
1589 1680 1763 1716 alienam.
1780 1681 1828 1716 Et
1852 1680 1961 1716 simili
1982 1681 2099 1717 modo
2119 1682 2296 1729 loquendi
2317 1682 2489 1720 dicuntur

1437 1732 1639 1779 astrologia
1668 1740 1702 1768 et
1730 1733 1964 1781 perspectiva
1998 1733 2141 1780 species
2178 1734 2488 1782 mathematicae,

1436 1784 1659 1833 inquantum
1687 1785 1868 1833 principia
1892 1785 2157 1822 mathematica
2180 1786 2415 1834 applicantur
2441 1787 2490 1824 ad

1436 1838 1634 1874 materiam
1662 1839 1882 1874 naturalem.

1490 1890 1538 1926 Et
1556 1890 1630 1926 hoc
1658 1890 1776 1926 modo
1805 1890 1982 1938 loquendi
2008 1890 2242 1937 assignantur
2265 1890 2325 1926 hic
2345 1891 2489 1939 species

1435 1942 1616 1988 tristitiae,
1645 1955 1714 1990 per
1745 1942 2034 1990 applicationem
2064 1942 2215 1979 rationis
2247 1943 2412 1980 tristitiae
2441 1944 2490 1980 ad

1436 1995 1577 2042 aliquid
1606 2003 1836 2031 extraneum.
1863 1995 1978 2040 Quod
2007 1994 2161 2043 quidem
2191 2003 2408 2032 extraneum
2429 2008 2488 2032 ac-

1436 2047 1508 2095 cipi
1540 2055 1664 2096 potest
1691 2048 1752 2083 vel
1782 2059 1827 2083 ex
1854 2054 1959 2095 parte
1989 2059 2140 2094 causae,
2171 2047 2327 2094 obiecti;
2353 2049 2414 2085 vel
2445 2060 2489 2084 ex

1435 2107 1539 2148 parte
1568 2100 1734 2136 effectus.
1755 2099 1954 2147 Proprium
1985 2099 2085 2136 enim
2106 2099 2294 2136 obiectum
2323 2100 2487 2137 tristitiae

1437 2160 1491 2189 est
1512 2153 1711 2201 proprium
1735 2152 1888 2188 malum.
1915 2152 2024 2188 Unde
2051 2159 2267 2188 extraneum
2297 2153 2487 2190 obiectum

1435 2205 1598 2242 tristitiae
1627 2204 1745 2252 accipi
1765 2212 1888 2252 potest
1913 2205 1975 2240 vel
1995 2205 2206 2241 secundum
2231 2205 2387 2241 alterum
2409 2214 2488 2242 tan-

1434 2265 1528 2304 tum,
1549 2257 1637 2305 quia
1656 2257 1794 2293 scilicet
1824 2264 1878 2292 est
1896 2257 2052 2303 malurn,
2074 2257 2140 2292 sed
2167 2269 2245 2292 non
2273 2258 2486 2305 proprium:

1437 2318 1472 2346 et
1491 2310 1543 2346 sic
1572 2317 1626 2346 est
1644 2309 1910 2353 misericordia,
1932 2321 2029 2357 quae
2050 2317 2104 2345 est
2122 2309 2266 2345 tristitia
2290 2309 2336 2345 de
2365 2310 2487 2347 alieno

1436 2363 1550 2409 malo,
1566 2362 1789 2411 inquantum
1817 2368 1944 2398 tamen
1969 2361 2188 2398 aestimatur
2212 2369 2253 2398 ut
2276 2362 2486 2410 proprium.

1435 2415 1504 2452 Vel
1542 2422 1724 2464 quantum
1760 2415 1807 2451 ad
1835 2421 2059 2462 utrumque,
2090 2414 2179 2461 quia
2207 2426 2329 2462 neque
2358 2423 2413 2451 est
2441 2416 2487 2452 de

1435 2468 1602 2516 proprio,
1623 2479 1746 2514 neque
1768 2467 1815 2503 de
1844 2467 1957 2513 malo,
1978 2466 2044 2503 sed
2065 2467 2111 2502 de
2141 2467 2244 2503 bono
2274 2467 2413 2515 alieno,
2434 2468 2487 2504 in-

1435 2527 1618 2568 quantum
1655 2527 1783 2556 tamen
1811 2519 1957 2555 bonum
1994 2518 2157 2568 alienum
2197 2519 2413 2556 aestimatur
2448 2528 2488 2557 ut

1433 2572 1629 2620 proprium
1657 2573 1816 2608 malurn:
1848 2579 1883 2607 et
1914 2571 1966 2606 sic
1995 2578 2049 2607 est
2076 2571 2226 2607 invidia.
2255 2592 2278 2598 -
2308 2573 2487 2620 Proprius

1434 2633 1560 2661 autern
1590 2624 1746 2660 effectus
1765 2623 1929 2659 tristitiae
1958 2623 2123 2659 consistit
2140 2623 2178 2659 in
2198 2625 2362 2671 quadam
2386 2626 2486 2674 fuga

1433 2677 1622 2727 appetitus.
1660 2676 1769 2712 Unde
1799 2683 2015 2711 extraneum
2045 2675 2142 2711 circa
2175 2676 2350 2712 effectum
2379 2677 2486 2713 tristi-

1434 2730 1518 2775 tiae,
1548 2736 1671 2777 potest
1699 2728 1817 2775 accipi
1845 2735 2029 2775 quantum
2058 2729 2104 2764 ad
2135 2729 2292 2764 alterum
2321 2736 2482 2776 tantum,

1434 2782 1522 2830 quia
1542 2781 1679 2817 scilicet
1697 2780 1835 2816 tollitur
1854 2781 1958 2827 fuga:
1985 2787 2020 2816 et
2039 2780 2091 2816 sic
2112 2788 2166 2816 est
2184 2781 2365 2827 anxietas,
2387 2793 2484 2829 quae

1434 2834 1486 2870 sic
1520 2841 1698 2881 aggravat
1727 2833 1916 2879 animum,
1947 2839 1988 2868 ut
2016 2844 2094 2868 non
2126 2841 2304 2880 appareat
2332 2833 2485 2881 aliquod

1435 2887 1641 2934 refugium:
1670 2885 1771 2921 unde
1801 2885 1872 2921 alio
1901 2885 2056 2921 nomine
2078 2884 2210 2921 dicitur
2228 2886 2413 2934 angustia.
2446 2886 2484 2923 Si

1432 2952 1525 2976 vero
1545 2939 1730 2975 intantum
1758 2937 1939 2986 procedat
1957 2938 2038 2973 talis
2066 2937 2291 2984 aggravatio,
2312 2946 2353 2974 ut
2372 2938 2483 2975 etiam

1434 2992 1616 3028 exteriora
1653 2991 1824 3027 membra
1862 2989 2100 3026 immobilitet
2128 2990 2174 3026 ab
2212 3002 2347 3038 opere,
2381 2992 2484 3040 quod

1433 3045 1592 3092 pertinet
1611 3044 1657 3080 ad
1682 3043 1872 3086 acediam
1891 3042 1943 3078 sic
1973 3042 2039 3078 erit
2059 3049 2275 3078 extraneum
2300 3052 2483 3090 quantum

1434 3097 1481 3133 ad
1509 3104 1730 3143 utrumque,
1761 3095 1847 3143 quia
1875 3107 1945 3131 nec
1974 3102 2029 3131 est
2056 3095 2152 3142 fuga,
2174 3107 2245 3130 nec
2273 3103 2328 3132 est
2354 3096 2391 3132 in
2420 3109 2484 3144 ap-

1433 3149 1559 3198 petitu.
1589 3149 1678 3184 Ideo
1712 3155 1838 3184 autem
1868 3147 2077 3196 specialiter
2105 3147 2234 3184 acedia
2258 3148 2389 3184 dicitur
2414 3161 2483 3185 vo-

1434 3214 1516 3238 cem
1545 3208 1751 3249 amputare,
1781 3200 1868 3248 quia
1894 3212 1971 3236 vox
1999 3199 2094 3236 inter
2122 3212 2254 3236 omnes
2284 3201 2483 3238 exteriores

1433 3262 1559 3291 motus
1597 3253 1714 3300 magis
1743 3252 1913 3301 exprimit
1940 3252 2155 3288 interiorem
2189 3261 2413 3302 conceptum
2449 3262 2484 3290 et

1433 3307 1628 3352 affectum,
1654 3318 1731 3342 non
1760 3306 1882 3342 solum
1903 3305 1939 3341 in
1967 3304 2197 3350 hominibus,
2218 3306 2283 3342 sed
2313 3306 2424 3342 etiam
2444 3307 2482 3343 in

1433 3359 1510 3396 aliis
1539 3358 1772 3403 animalibus,
1793 3365 1833 3394 ut
1861 3357 1993 3394 dicitur
2020 3358 2058 3393 in
2088 3359 2100 3393 Ι
2130 3357 2234 3394 Polit.
2254 3357 2274 3378 ’¹‘

1486 3414 1544 3448 AD
1569 3423 1703 3448 PRlMUM
1731 3422 1828 3447 ERGO
1847 3422 2028 3447 memmii«
2049 3410 2152 3458 quod
2173 3410 2367 3447 delectatio
2397 3423 2483 3447 cau-

381 3534 407 3566 α)
426 3540 530 3566 genere.
549 3546 567 3551 -—
585 3532 725 3565 generibus
744 3532 771 3556 Ρ.

1487 3527 1511 3560 β)
1532 3535 1594 3553 esse.
1613 3541 1630 3545 ——
1650 3529 1710 3552 Om.
1727 3528 1834 3552 codices.

2511 3370 2589 3418 ‘sca-
2600 3376 2654 3418 ω,-
2666 3377 2720 3418 ¹10·-
