2846 4146
364 178 439 226 374

1022 181 1287 227 QUAESTIO
1318 181 1453 226 LVIII,
1483 182 1778 218 ARTICULUS
1810 183 1856 218 lII

1033 311 1363 343 Commentaria
1386 310 1636 343 Cardinalis
1658 311 1858 344 Caietam

388 407 406 426 N
431 397 635 428 articulorum
652 397 745 438 primi
762 404 792 428 et
808 398 937 428 secundi
953 398 1060 434 titulis,
1078 398 1109 428 in
1126 397 1310 438 quaestione
1326 397 1416 437 quin-

361 409 690 481 lquagesimaoctava‚
716 442 839 472 adverte
853 443 950 482 quod,
970 442 1044 482 quia
1057 441 1198 471 formalis
1214 448 1259 471 est
1274 441 1415 471 doctrina

356 485 518 521 Auctoris,
544 485 616 516 ideo
639 486 711 516 licet
735 486 920 516 conclusum
944 485 984 515 sit
1002 485 1090 525 quod
1106 494 1172 514 non
1197 484 1302 514 omnis
1316 484 1415 515 virtus

356 535 402 559 est
425 529 561 565 moralis,
586 529 759 569 specialiter
781 530 959 570 quaesitum
984 536 1030 559 est
1048 539 1087 558 au
1111 528 1238 558 moralis
1262 528 1301 558 sit
1324 528 1414 558 intel-

354 572 506 604 lectualis.
531 573 627 604 Decet
643 574 726 603 enim
744 573 919 603 doctrinam
938 568 1091 612 pa‘ulatim
1105 571 1228 611 singula
1244 571 1412 612 explicare:

355 617 499 657 quamvis
516 617 620 647 omnis
636 617 732 647 virtus
746 617 884 647 humana
898 626 962 646 non
979 615 1117 651 moralis,
1132 615 1171 645 sit
1183 615 1412 646 intellectualis.

385 714 405 733 N
425 704 555 734 articulo
573 704 711 734 secundo
728 703 870 734 eiusdem
890 702 1301 743 quinquagesimaeoctavae
1318 712 1413 743 quae-

357 715 509 784 Isdonis,
534 748 658 778 adverte
681 748 770 787 quod
798 746 909 778 ultima
931 747 1027 776 verba
1049 746 1082 776 in
1107 755 1240 786 corpore
1269 746 1410 783 articuli,

353 791 482 822 scilicet:
506 792 631 822 habitus
648 792 780 821 moralis
794 791 888 821 habet
911 792 1067 821 rationem
1087 791 1215 822 virtutis
1237 791 1409 826 humanae.

353 836 539 875 inquantum
563 836 682 865 rationi
704 834 938 876 conformatur,
963 844 1030 864 non
1045 834 1263 874 intelliguntur
1281 835 1320 865 de
1337 845 1411 865 cou-

1470 397 1627 431 formitate
1651 398 1868 438 superadditae
1900 399 2074 432 relationis:
2099 402 2153 432 sed
2176 402 2214 432 de
2239 401 2458 433 conformitate
2483 412 2528 433 es-

1469 441 1599 471 sentiali.
1618 442 1683 471 Iam
1699 442 1783 472 enim
1800 442 1943 482 superius
1957 443 1975 463 *
1986 444 2106 475 dictum
2121 452 2166 475 est
2183 446 2272 486 quod
2287 446 2385 476 virtus
2401 447 2529 477 moralis

1468 492 1515 515 est
1537 485 1740 516 essentialiter
1762 486 1888 517 habitus
1911 487 2084 519 conformis
2106 489 2235 525 rationi;
2262 496 2292 519 et
2310 499 2376 519 non
2390 489 2426 520 fit
2443 489 2528 520 idem

1468 528 1591 559 habitus
1615 530 1653 559 de
1673 540 1738 559 non
1754 530 1868 560 virtute
1890 530 1998 568 virtus,
2018 542 2074 572 per
2093 533 2327 573 superadditam
2343 533 2528 564 relationem

1467 572 1507 602 ad
1523 572 1679 603 rationem
1694 580 1820 604 rectam.
1837 574 1877 605 Et
1891 574 1968 616 haec
1984 576 2138 616 expositio
2154 576 2288 608 sufficiat
2302 587 2361 616 pro
2377 577 2528 608 omnibus

1467 616 1623 647 similibus
1646 617 1747 648 verbis
1770 618 1927 655 Auctoris,
1952 625 2017 650 tam
2040 620 2091 651 hic
2114 631 2211 662 quam
2235 620 2318 651 alibi.

1525 660 1561 691 11.
1577 660 1611 690 In
1624 661 1737 691 eodem
1751 662 1891 692 secundo
1906 662 2037 694 articulo
2049 663 2237 706 relinquitur
2249 664 2416 696 difficultas
2429 664 2483 695 illa
2493 664 2527 696 in

1466 704 1597 743 proprio
1616 704 1688 735 loco
1702 704 1721 722 ‘¹‘
1737 705 1939 745 disputanda:
1963 709 2015 736 An
2036 707 2138 747 possit
2159 708 2259 739 horno
2277 715 2387 740 contra
2405 709 2526 740 actuale

1465 748 1621 778 iudicium
1635 749 1768 788 operari.
1786 748 1840 780 Sat
1855 750 1940 780 enirn
1957 757 2003 780 est
2017 751 2183 791 proposito
2198 753 2237 782 de
2252 753 2410 784 habitibus
2425 753 2526 794 loqui,

1465 799 1496 823 et
1519 792 1737 823 necessitatem
1759 793 1885 824 habitus
1907 793 1941 824 in
1964 795 2106 834 appetitu
2130 795 2225 827 etiam
2247 797 2430 834 ostendere,⁴
2443 804 2479 828 ut
2493 797 2527 827 in

1465 835 1566 866 littera
1588 835 1632 867 fit.

1152 1014 1468 1055 ARTICULUS
1497 1014 1723 1056 TERTIUS

550 1102 704 1140 UTRUM
728 1109 1039 1140 SUFF1C1ENTER
1064 1110 1220 1141 VIRTUS
1244 1110 1483 1141 DIVJDATUR
1506 1111 1589 1141 PER
1611 1111 1826 1142 MORALEM
1850 1111 1908 1142 ET
1932 1112 2331 1144 INTELLECTUALEM

379 1222 443 1246 μ»
467 1228 536 1273 fi«
561 1219 582 1243 D
601 1218 760 1243 TERTmM
781 1218 834 1243 sm
852 1218 1091 1243 PROCEDITUR.
1117 1206 1276 1243 Videtur
1304 1206 1409 1255 quod

559 1259 677 1296 virtus
705 1259 875 1295 humana
902 1271 981 1295 non
1010 1259 1240 1296 sufficienter
1263 1258 1408 1296 divida-

365 1307 405 1359 ’ᾗ
424 1327 485 1356 *⁴⁷4
506 1317 527 1357 ἢ
559 1320 618 1348 tur
632 1324 700 1360 per
718 1311 897 1348 virtutem
917 1313 1103 1350 moralem
1123 1319 1160 1349 et
1179 1312 1409 1351 intellectua-

403 1340 500 1398 ἐξῆ)
515 1357 547 1400 K
559 1365 645 1401 lem.
667 1364 872 1401 Prudentia
887 1364 990 1402 enim
1003 1365 1154 1402 videtur
1170 1377 1252 1402 esse
1267 1365 1408 1413 aliquid

349 1416 519 1453 medium
534 1416 629 1454 inter
646 1417 826 1454 virtutem
845 1418 1033 1454 moralem
1049 1423 1086 1455 et
1099 1418 1407 1457 intellectualem:

348 1478 644 1507 connumeratur
680 1470 784 1507 enim
820 1469 1022 1508 virtutibus
1051 1476 1068 1492 α
1096 1471 1407 1509 intellectualibus

299 1543 319 1576 ¹}
349 1521 386 1558 in
413 1522 464 1559 VI
483 1523 603 1569 Ethic.
624 1523 659 1569 *3
690 1530 726 1560 et
750 1523 864 1560 etiarn
884 1524 932 1560 ab
953 1524 1133 1561 omnibus
1153 1516 1408 1562 communiter

294 1580 319 1617 11,
348 1583 644 1613 connumeratur
675 1576 772 1613 inter
805 1583 967 1624 quatuor
992 1576 1150 1614 virtutes
1178 1577 1404 1624 cardinales,

240 1648 254 1663 n
291 1633 319 1670 οξ
347 1641 444 1676 quae
474 1636 559 1665 sunt
588 1629 764 1676 morales,
793 1636 835 1666 ut
862 1629 958 1666 infra
976 1629 996 1651 '¹‘
1021 1629 1175 1678 patebit.
1205 1631 1297 1667 Non
1316 1642 1405 1677 ergo

206 1675 317 1723 x,'⁸';‘'1.
346 1681 575 1718 sufficienter
607 1681 787 1720 dividitur
811 1682 931 1719 virtus
958 1694 1026 1730 per
1053 1683 1340 1720 intellectualem
1371 1690 1407 1719 et

344 1735 541 1781 moralem,
572 1734 667 1772 sicut
693 1746 762 1783 per
787 1734 1019 1772 immediata.

400 1799 434 1825 2.
456 1788 688 1834 PRAETEREA,
723 1787 953 1824 continentia
982 1795 1019 1824 et
1045 1788 1340 1836 perseverantia,
1369 1795 1406 1824 et

346 1839 460 1876 etiam
478 1839 668 1888 patientia,
684 1852 764 1877 non
779 1847 1048 1888 computantur
1061 1840 1158 1877 inter
1171 1841 1330 1878 virtutes
1349 1840 1404 1878 in-

344 1892 582 1930 tellectuales.
600 1893 684 1929 Nec
704 1892 815 1930 etiam
837 1901 923 1929 sunt
937 1892 1094 1929 virtutes
1114 1894 1295 1930 morales:
1316 1893 1404 1942 quia

345 1957 424 1982 non
443 1952 572 1982 tenent
591 1945 762 1990 medium
781 1945 820 1982 in
839 1945 1093 1994 passionibus,
1113 1946 1179 1983 sed
1208 1946 1406 1984 abundant

343 1998 382 2034 in
409 1997 461 2035 eis
488 1997 698 2046 passiones.
729 1999 820 2036 Non
850 2010 938 2046 ergo
968 1998 1200 2036 sufficienter
1227 1999 1405 2039 dividitur

343 2050 461 2088 virtus
490 2062 557 2099 per
584 2051 851 2089 intellectuales
880 2058 918 2088 et
944 2052 1120 2089 morales.

398 2104 433 2140 3.
460 2103 698 2150 PRAETEREA,
713 2104 843 2151 fides,
873 2117 959 2153 spes
989 2111 1026 2142 et
1053 2104 1186 2143 caritas
1214 2105 1405 2152 quaedam

343 2156 500 2193 virtutes
533 2164 631 2194 sunt.
670 2157 762 2194 Non
795 2165 925 2196 tamen
962 2165 1049 2197 sunt
1074 2157 1235 2197 virtutes·
1263 2157 1405 2196 intelle·

345 2209 504 2247 ctuales:
533 2210 606 2247 hae
644 2209 748 2248 enim
776 2210 901 2247 solum
935 2217 1022 2247 sunt
1047 2210 1235 2259 quinque,
1266 2210 1406 2248 scilicet

344 2262 511 2309 scientia,
532 2262 726 2311 sapientia,
748 2263 967 2310 intellectus,
988 2263 1189 2310 prudentia
1218 2270 1255 2300 et
1273 2275 1345 2310 ars,
1365 2271 1407 2301 ut

191 2332 253 2353 ινι,
273 2332 315 2347 ar·
345 2314 487 2352 dictum
516 2322 572 2352 est
589 2314 620 2351 ²².
655 2315 739 2352 Nec
770 2315 885 2352 etiam
917 2323 1004 2355 sunt
1030 2315 1188 2354 virtutes
1217 2316 1404 2354 morales:

109 2588 117 2596 ·
133 2586 166 2608 Ca
186 2602 192 2607 .
207 2592 221 2612 1,
237 2592 259 2607 n.
275 2592 290 2607 1.

107 2592 187 2634 8515.
202 2613 254 2634 lect.
269 2619 286 2634 1.

108 2965 117 2973 “
133 2963 191 3011 Cap.
205 2969 267 2996 κλει,
283 2969 317 2985 1.-

108 2990 163 3012 §.T
182 3005 187 3011 .
205 2990 255 3011 lect.
270 2996 308 3011 xv.

345 2367 434 2416 quia
450 2379 531 2406 non
551 2375 639 2405 sunt
663 2367 761 2405 circa
780 2367 987 2416 passiones,
1009 2366 1108 2407 circa
1127 2369 1405 2417 quasmaxime

346 2428 401 2457 est
414 2420 568 2458 moralis
586 2420 717 2458 virtus.
738 2421 843 2468 Ergo
860 2421 980 2458 virtus
999 2432 1078 2459 non
1102 2421 1334 2459 sufficienter
1351 2421 1406 2460 di-

344 2473 483 2511 viditur
510 2485 578 2522 per
605 2473 883 2517 intellectuales
901 2481 946 2513 et·
964 2474 1141 2513 morales.

345 2557 351 2561 ,
395 2526 472 2565 SED
493 2537 639 2569 CONTRA
662 2537 727 2566 EST
754 2526 1148 2575 quod·Philosophus
1176 2526 1276 2573 dicit,
1306 2527 1344 2564 in
1373 2528 1404 2564 ΙΙ

307 2597 316 2601 -
343 2579 464 2616 Ethic.
485 2579 521 2625 θ’,
542 2579 735 2626 duplicem
758 2590 838 2617 esse
862 2579 1050 2625 vie-cutm,
1069 2580 1169 2619 ham:
1183 2579 1332 2628 quidem
1351 2580 1406 2617 in-

344 2631 598 2678 tellectualem,
628 2631 730 2668 illam
759 2637 884 2669 autem
912 2632 1108 2669 moralem.

398 2684 624 2725 Rsssponnsso
651 2695 837 2726 precanum
864 2685 969 2733 quod
996 2685 1116 2726 virtus
1151 2686 1323 2723 humana
1352 2693 1407 2723 est

345 2737 501 2785 quidam
520 2738 670 2775 habitus
688 2737 888 2786 perficiens
907 2737 1106 2776 hominem
1127 2738 1176 2775 ad
1195 2739 1294 2776 bene
1315 2751 1406 2789 qpe—

346 2790 520 2828 randum.
549 2789 783 2839 Principium
812 2798 939 2828 autem
966 2791 1407 2830 humanorum-*actuum

346 2843 384 2880 in
410 2842 567 2880 homine
593 2855 671 2881 non
695 2850 751 2880 est
778 2843 850 2885 nisi
869 2844 1020 2892 duplex,
1041 2843 1181 2882 scilicet
1198 2844 1406 2885 intellectus

346 2895 425 2932 sive
446 2896 551 2943 ratio,
566 2904 614 2934 ,ετ
637 2895 847 2945 appetitus:
875 2897 976 2939 haec,
989 2896 1092 2935 enim
1118 2905 1208 2935 sunt
1225 2897 1302 2935 duo
1322 2909 1406 2938 mo-

344 2949 473 2986 ventia
498 2948 538 2987 in
566 2949 736 2996 homine,
764 2949 968 2987 utdicitur
994 2949 1033 2987 in
1061 2951 1112 2986 111
1141 2950 1189 2988 de
1212 2950 1354 2991 Anima
1372 2950 1403 2988 *.

345 3002 456 3039 Unde
479 3002 611 3044 omnis
629 3001 749 3039 virtus
768 3003 939 3050 ljumana
959 3009 1114 3051 oportet
1130 3003 1238 3052 quod
1254 3003 1303 3041 sit
1321 3015 1406 3052 per·

345 3054 482 3092 fectiva
500 3054 656 3093 alicuius
676 3054 835 3092 istorum
863 3054 1148 3104 principiorum.
1179 3056 1219 3093 Si
1246 3056 1404 3105 quidem

345 3107 454 3155 igitur
472 3106 519 3144 sit
537 3107 743 3156 perfectiva
760 3107 968 3147 intellectus
995 3108 1216 3157 speculativi
1239 3110 1302 3147 vel
1320 3116 1405 3158 p'ra-

345 3159 427 3197 ctici
455 3159 505 3197 ad
527 3160 674 3197 bonum
702 3160 868 3198 hominis
896 3168 1035 3208 actum,
1066 3161 1135 3199 erit
1155 3161 1276 3200 virtus
1299 3161 1405 3202 intel-

345 3213 532 3250 lectualis:
552 3213 583 3250 si
597 3220 726 3250 autem
747 3213 792 3250 sit
806 3214 1012 3261 perfectiva
1032 3214 1259 3262 appetitivae
1274 3214 1402 3263 partis,

399 3348 425 3380 α)
446 3349 596 3373 virtutibus.
611 3362 629 3366 -
649 3349 674 3373 in
696 3347 838 3373 virtutibus
858 3348 886 3372 P.

1463 1206 1529 1243 erit
1556 1206 1675 1244 virtus
1705 1207 1869 1245 moralis.
1901 1208 2012 1245 Unde
2036 1208 2257 1258 relinquitur
2276 1210 2382 1259 quod
2401 1211 2524 1248 omnis

1461 1259 1579 1296 virtus
1607 1260 1776 1297 humana
1804 1262 1866 1297 vel
1895 1269 1950 1297 est
1977 1261 2236 1300 intellectualis
2263 1263 2325 1300 vel
2358 1263 2521 1301 moralis.

1514 1314 1574 1350 An
1601 1325 1739 1351 PmMUM
1766 1325 1864 1351 ERGO
1893 1326 2078 1352 mesanum
2101 1315 2208 1363 quod
2234 1316 2447 1364 prudentia,
2467 1329 2524 1354 se-

1462 1365 1631 1403 cundum
1662 1366 1863 1405 essentiam
1890 1379 2013 1414 suam,
2035 1375 2091 1404 est
2115 1368 2372 1406 intellectualis
2390 1370 2520 1408 virtus.

1462 1418 1540 1455 Sed
1554 1419 1768 1457 secundum
1789 1419 1999 1467 materiam,
2019 1421 2198 1458 convenit
2217 1433 2307 1459 cum
2321 1422 2522 1461 virtutibus

1461 1471 1691 1509 moralibus:
1730 1479 1786 1509 est
1818 1472 1920 1511 enirn
1958 1480 2060 1510 recta
2096 1474 2191 1510 ratio
2229 1474 2442 1522 agibilium,
2479 1481 2523 1512 ut

1461 1536 1575 1572 supra
1594 1524 1614 1546 ’¹‘
1642 1524 1782 1561 dictum
1813 1532 1879 1562 est.
1901 1526 1950 1562 Et
1977 1527 2198 1564 secundum.
2215 1527 2301 1574 hoe,
2320 1527 2522 1566 virtutibus

1461 1577 1670 1614 moralibus
1699 1586 2006 1615 connumeratur.
2462 1611 2464 1614 ,

1513 1631 1573 1666 An
1592 1642 1783 1667 SECUNDUM
1802 1642 1986 1668 DICENDUM
2010 1631 2117 1678 quod
2135 1631 2365 1669 continentia
2384 1639 2421 1669 et
2437 1644 2523 1682 per·

1460 1682 1673 1719 severantia
1700 1694 1780 1720 non
1807 1690 1896 1720 sunt
1922 1683 2172 1731 perfectiones
2200 1684 2428 1732 appetitivae
2446 1685 2522 1723 vir·

2558 454 2566 463 ·
2582 453 2630 480 Qu.
2645 459 2682 481 ιν,
2697 458 2740 477 art.
2751 461 2769 482 ι,

2557 479 2689 501 Commeat.

2557 718 2564 727 ¹
2579 717 2616 739 Cf.
2628 724 2668 767 Ἑι.
2680 725 2764 746 ιιινιι,
2807 727 2813 732 ·

2555 747 2624 771 ama,
2653 749 2765 767 omnent.

2621 1508 2637 1525 μ’
2655 1508 2681 1522 «¹¹
2711 1510 2730 1522 ’-

2550 1521 2760 1567 'Quaerunt-tm.

1459 1735 1546 1771 tutis
1566 1734 1779 1772 sensitivae.
1809 1735 1928 1781 Quod
1952 1747 1998 1772 ex
2023 1736 2099 1773 hoc
2117 1742 2230 1785 patet,
2251 1737 2358 1786 quod
2367 1737 2417 1775 -inv
2427 1743 2522 1776 „com
2549 1748 2753 1794 -ffl23g-.r.v,qiz1·

1459 1787 1600 1824 tinente
1619 1795 1656 1824 et
1669 1795 1940 1836 perseverante
1960 1789 2270 1837 superabundant
2286 1789 2521 1829 inordinatae

1458 1840 1676 1888 passiones:
1706 1840 1811 1889 quod
1829 1852 1909 1878 non
1933 1848 2043 1891 esset,
2060 1842 2094 1878 si
2108 1842 2300 1890 appetitus
2318 1843 2521 1881 sensiam

1460 1900 1559 1930 esset
1585 1893 1773 1941 perfectus
1801 1893 1928 1942 aliquo
1955 1894 2091 1932 habitu·
2108 1895 2376 1933 ,conformante
2393 1895 2521 1944 ipsum

1460 1945 1606 1985 rationi.
1626 1946 1695 1985 Est
1722 1953 1851 1985 autem
1876 1946 2118 1994 continentia,
2138 1959 2215 1985 seuv
2225 1948 2519 1996 perseverantia,

1458 1998 1639 2047 perfectio.
1659 1998 1850 2039 rationalis
1868 1999 1984 2048 partis
2003 1999 2035 2047 ²⁸,
2065 2012 2164 2048 quae
2183 1999 2523 2039 sesteneteontraz?
2550 2007 2564 2028 ·-

1458 2051 1656 2100 passiones
1676 2064 1724 2088 ne
1753 2052 1964 2091 deducatur
1981 2052 2012 2090 ²⁸.
2033 2053 2172 2091 Deficit
2189 2054 2522 2092 taruennam&
2550 2069 2560 2079 ·

1458 2105 1620 2143 virtutis:
1650 2105 1739 2152 quia
1765 2105 1885 2143 virtus
1918 2105 2144 2144 intellectiva
2171 2106 2523 2155 quae-«facinratio-
2550 2120 2613 2160 -;’

1459 2169 1548 2197 nem
1578 2169 1619 2197 se
1648 2158 1757 2197 benev
1773 2158 1917 2197 habere
1942 2159 2040 2197 circa
2057 2159 2231 2206 moralia,
2247 2157 2554 2209 praesnpponit?
2599 2157 2602 2161 ’

1459 2210 1670 2260 appetitum
1684 2218 1836 2249 rectum
1854 2210 1962 2259 finis,
1990 2219 2033 2249 ut
2059 2219 2229 2250 recteffse
2256 2213 2524 2251 habeat'eima

1459 2263 1653 2312 principia,
1670 2263 1766 2301 idest
1784 2264 1894 2311 fines,
1916 2276 1961 2300 ex
1980 2264 2118 2313 quibus
2138 2265 2400 2311 ratiocinatur-3.
2416 2266 2523 2325 quod

1453 2315 1667 2355 ‘eontinenti
1684 2323 1730 2353 »et
1757 2317 2015 2364 perseveranti
2043 2317 2160 2355 deest.
2185 2337 2210 2346 -
2240 2318 2522 2366 Neque³.22euam

1459 2376 1584 2418 potest
1609 2380 1696 2406 esse
1713 2369 1880 2417 perfecta
1909 2369 2080 2418 operatio
2098 2382 2257 2418 quae-a
2277 2370 2522 2419 duabus-zpo-

1460 2420 1583 2461 tentiis
1611 2421 1793 2469 procedit,
1823 2421 1894 2460 nisi
1921 2430 2080 2470 utraque
2108 2423 2278 2470 potentia
2304 2423 2523 2471 perficiatur

1460 2486 1528 2523 per
1548 2474 1718 2513 debitum
1737 2474 1931 2512 habitum:
1956 2475 2052 2512 sicut
2069 2487 2150 2512 non
2166 2475 2337 2524 sequitur
2355 2477 2523 2524 pertenta

1461 2527 1558 2564 actio
1582 2527 1750 2565 alicuius.
1765 2527 1910 2574 agentis
1928 2539 1997 2575 per
2013 2527 2370 2575 instnmentum,„si
2389 2529 2522 2567 lustru,

1461 2586 1633 2619 mentum
1651 2592 1741 2618 ,non
1769 2580 1816 2617 sit
1843 2580 1940 2617 bene
1969 2580 2206 2629 dispositum,
2227 2588 2522 2628 quantumcum-

1461 2645 1536 2681 que
1559 2632 1769 2681 ‚principale
1797 2645 1914 2680 agens
1941 2633 1988 2670 sit
2013 2634 2237 2682 perfectum.
2266 2634 2377 2671 Unde
2405 2634 2436 2671 si
2448 2637 2523 2684 ap*

1459 2686 1602 2736 petitus
1631 2685 1865 2733 sensitivus,
1884 2698 2000 2734 quern
2029 2691 2164 2724 movet
2193 2686 2384 2725 rationalis
2412 2690 2520 2736 paraq

1459 2751 1539 2776 non
1557 2738 1607 2777 sit
1621 2738 1824 2787 perfectus3
1850 2739 2415 2788 quantumcumquevrationalis
2432 2752 2523 2789 pars

1459 2792 1719 2840 sit-perfecta,
1739 2791 2106 2840 aetioaeonsequens
2134 2803 2214 2830 non
2241 2793 2310 2830 erit
2329 2793 2519 2841 {per-seete.
2554 2806 2567 2822 -v

2562 2804 2759 2846 νύ

1459 2845 1574 2885 Unde
1585 2856 1656 2882 nec
1675 2843 1904 2893 principium
1922 2844 2080 2884 actionis
2100 2845 2171 2883 erit
2181 2845 2315 2885 virtus.
2324 2846 2417 2884 -vEt
2431 2853 2522 2895 pret·
2554 2846 2556 2848 ’
2599 2845 2602 2848 ’

1458 2905 1551 2946 ptr-rx
1569 2898 1656 2944 hoc,
1677 2897 1908 2937 continentia
1924 2909 1956 2937 >a
1980 2898 2309 2945 delectationibus,
2333 2903 2522 2947 etper'sq-

1458 2950 1630 2989 vetantia
1649 2962 1671 2988 a
1689 2950 2052 3002 tristitiissnonsuqt
2068 2951 2225 2989 virtutes
2242 2951 2276 2998 ⁴¹,
2290 2951 2523 3001 sedrdiqiaifi

1458 3003 1587 3041 minus
1600 3002 1754 3050 uirtute,
1770 3011 1812 3041 ut
1823 3003 2089 3052 Philosophus
2106 3003 2208 3051 dicit,
2226 3003 2266 3042 in
2280 3004 2353 3043 VH
2363 3003 2523 3042 Emit-‚in

1509 3058 1569 3095 AD
1597 3064 1756 3095 ”suarium
1784 3068 1967 3095 otc-aunum
1995 3057 2101 3105 quod
2138 3057 2250 3103 fides,
2279 3068 2369 3106 spes
2395 3062 2432 3095 et
2452 3060 2521 3105 »οφ

1459 3108 1547 3146 ritas
1566 3117 1653 3148 sunt
1672 3121 1787 3158 supra
1805 3109 1962 3148 virtutes
1976 3110 2188 3148 humanas-2
2211 3115 2304 3148 'sunt
2323 3109 2520 3148 animuin

1458 3168 1557 3199 tutes
1583 3161 1750 3200 hominis
1777 3158 1890 3211 prout
1915 3169 1974 3201 est
1999 3162 2119 3201 factus
2150 3162 2340 3212 particeps
2369 3162 2520 3200 divina}

1459 3223 1610 3262 gratiae.
1716 3238 1717 3241 =
2366 3232 2367 3236 ¹
2411 3230 2505 3253 ,πται

1513 3347 1537 3380 β)
1557 3353 1660 3374 contra.
1674 3363 1694 3369 —
1710 3349 1783 3374 circa
1802 3349 1832 3374 D.

2547 2962 2557 2972 '
2567 2960 2596 2984 D.
2606 2961 2660 2990 ³89-
2669 2967 2754 2992 maffia.⁴

2548 3015 2558 3026 '⁷
2576 3013 2635 3043 cup.
2652 3020 2669 3042 ι,
2687 3021 2712 3037 ιι.
2751 3022 2758 3042 ς

2590 3057 2598 3063 .
2621 3046 2663 3068 ix,
2684 3047 2709 3063 n.
2751 3048 2758 3069 ς

2546 3067 2712 3116 raihta*
2726 3073 2759 3116 ¹¹:

2547 3125 2584 3146 ιι.
2599 3125 2623 3141 n.
2643 3120 2671 3147 ὃς
2685 3100 2758 3143 ἰοῚἛ.

2546 3146 2599 3168 Ιοα.
2611 3151 2669 3182 nn,
