2852 4152
137 770 199 818 {5352
209 776 248 798 ⁶¹¹¹·

136 871 210 898 'Qu.
222 877 261 893 xc.

0 1046 8 1116 l

0 1121 10 1164 Ι
132 1132 144 1143 ·
160 1131 208 1159 Qu.

0 1170 13 1375 i

0 1379 19 1594 ἰ

0 1661 6 1691 1*
159 1671 208 1700 Qu.
221 1678 295 1695 unu

0 1717 6 1754 ,ι

8 1783 10 1787 ,
231 1771 248 1788 α

0 2123 7 2126 ,
132 2098 146 2110 ¹⁵
159 2097 217 2125 cap.
235 2077 272 2125 st,
294 2102 317 2119 n.
331 2103 344 2125 3

0 2130 10 2166 Ξτ
134 2129 187 2152 sqq.

0 2301 4 2323 ἓ
134 2305 218 2329 ’ῙΜί
232 2311 256 2328 ιι.
267 2306 289 2328 6.

0 2335 8 2410 l
132 2359 342 2412 „ffb-¹¹

0 2407 7 2459 f
133 2417 187 2440 ap.
199 2417 251 2435 m.

0 2493 34 2547 {²—
235 2539 237 2541 ι

0 2578 2 2582 ’
152 2569 252 2593 [Δαόῐ.
290 2577 307 2598 4
323 2577 334 2598 5

135 3197 147 3207 '
157 3195 279 3224 Caeegvr„
293 3202 344 3224 «Ἀρ.

134 3228 179 3245 ιιι.

136 924 147 934 ·
155 922 281 950 Qu.1.xxvn
291 929 344 951 sqq.

1052 233 1316 279 QUAESTIO
1346 235 1484 281 XLIX,
1513 235 1808 271 ARTICULUS
1839 236 1851 270 Ι

808 405 1214 481 QUAESTIO
1253 404 2116 483 QUADRAGESIMANONA

527 517 611 558 DE
646 518 968 560 HABITIBUS
1002 520 1063 559 IN
1098 520 1420 568 GENERALI,
1456 519 1672 571 QUOAD
1707 519 1922 560 EORUM
1954 518 2386 560 SUBSTANTIAM

685 630 704 642 x
1155 623 1189 647 IN
1219 622 1390 652 QUATUOR
1417 622 1617 648 ARTICULOS
1646 622 1762 647 DIVISA

445 716 515 742 os'r
542 712 646 742 actus
675 712 711 741 et
738 705 945 754 passiones,
968 706 1286 743 considerandum
1307 713 1362 743 est
1381 706 1427 743 de

307 714 440 796 P
444 769 632 805 principiis
651 757 910 795 humanorum
930 759 1123 795 actuum*.
1145 760 1193 795 Et
1215 758 1352 807 prim0,
1380 758 1427 795 de

372 809 563 869 principiis
582 810 806 856 intrinsecis3
827 812 1010 857 secundo,
1028 811 1074 848 de
1089 811 1279 862 principiis
1295 810 1428 847 extrin-

372 862 468 898 secis
481 862 502 884 ’¹‘
505 862 760 911 ‚Principium
780 872 908 900 autem
928 864 1172 900 intrinsecum
1189 871 1243 899 est
1261 863 1429 911 potentia

373 922 408 951 et
427 914 595 962 habitus;
621 917 687 952 sed
708 916 795 965 quia
816 917 863 953 de
883 916 1059 964 potentiis
1078 916 1116 952 in
1135 915 1264 952 Prima
1283 915 1428 951 Parte*

373 967 515 1005 dictum
546 976 615 1014 est,
645 981 746 1005 nunc
775 977 888 1006 restat
906 969 953 1006 de
972 968 1162 1005 habitibus
1189 967 1427 1004 consideran-

372 1020 477 1057 dum.
494 1021 543 1057 Et
555 1021 682 1069 primo
698 1021 865 1070 quidem,
886 1021 924 1058 in
939 1021 1119 1069 generali;
1137 1021 1304 1057 secundo
1320 1032 1426 1067 vero,

373 1073 420 1110 de
439 1072 639 1111 virtutibus
659 1082 696 1111 et
714 1074 824 1122 vitiis,
842 1081 878 1111 et
893 1074 972 1111 aliis
986 1073 1206 1110 huiusmodi
1226 1072 1427 1120 habitibus,

372 1125 436 1174 qui
465 1134 551 1163 sunt
577 1127 835 1164 humanorum
866 1134 1020 1164 actuum
1047 1126 1230 1175 principia
1248 1125 1279 1162 ²¹⁶.

425 1178 535 1216 Circa
562 1179 665 1228 ipsos
693 1187 819 1216 autem
845 1179 996 1216 habitus
1015 1179 1052 1215 in
1072 1178 1245 1227 generali,
1266 1185 1428 1226 quatuor

372 1231 647 1270 consideranda
674 1240 775 1269 sunt:
804 1232 927 1281 primo
957 1232 1130 1279 quidem,
1161 1231 1208 1268 de
1233 1231 1313 1279 ipsa
1339 1231 1426 1266 sub-

1482 705 1615 742 stantia
1640 706 1852 742 habituum:
1883 705 2064 751 secundo,
2089 706 2136 742 de
2156 704 2324 741 subiecto
2346 716 2479 741 eorum
2495 704 2533 750 *ς

1482 758 1602 804 tertio,
1633 758 1680 794 de
1709 770 1822 795 causa
1849 757 2111 806 generationis,
2140 757 2332 805 augmenti
2353 765 2388 793 et
2408 769 2535 793 corru-

1481 810 1620 859 ptionis
1648 811 1824 858 ipsorum'
1843 811 1884 856 *;
1914 818 2065 858 quarto,
2096 810 2143 847 de
2173 809 2411 847 distinctione
2440 809 2539 858 ipso-

1483 875 1567 899 rum
1587 862 1617 899 ³⁸.

1483 915 1592 951 Circa
1619 914 1786 963 primum
1816 923 2046 963 quaeruntur
2073 923 2246 964 quatuor.

1537 967 1682 1003 Primo:
1711 975 1838 1003 utrum
1866 968 2016 1004 habitus
2045 968 2088 1004 sit
2116 968 2286 1015 qualitas.

1537 1019 1731 1056 Secundo:
1760 1027 1887 1056 utrum
1916 1020 1961 1056 sit
1994 1020 2239 1057 determinata
2272 1019 2416 1069 species
2449 1031 2540 1067 qua-

1588 1071 1709 1108 litatis.

1536 1124 1685 1161 Tertio:
1718 1132 1846 1161 utrum
1877 1124 2026 1161 habitus
2064 1125 2240 1172 importet
2280 1124 2452 1162 ordinem
2491 1124 2539 1161 ad

1589 1185 1727 1214 actum.

1537 1230 1699 1275 Quarto:
1730 1230 1776 1266 de
1804 1229 2024 1266 necessitate
2053 1229 2213 1266 habitus.

1177 1330 1494 1372 ARTICULUS
1523 1329 1728 1371 PRIMUS

1106 1413 1261 1443 UTRUM
1285 1412 1471 1442 HABITUS
1495 1412 1561 1442 SIT
1586 1412 1802 1449 QUALirAs

974 1487 978 1491 ⁴
1026 1482 1056 1506 111
1076 1481 1159 1510 Sent„
1180 1481 1237 1505 dist.
1256 1488 1326 1511 xxm,
1345 1488 1391 1513 qu.
1405 1488 1422 1510 ι.
1441 1486 1487 1505 art.
1506 1489 1532 1511 ις
1551 1480 1575 1504 V
1593 1480 1754 1514 Metaphys„
1774 1482 1832 1507 lect.
1844 1490 1883 1506 xx.

404 1578 465 1618 “aa'‘
485 1580 557 1624 μᾷ(
579 1574 602 1599 D
631 1573 767 1599 ptumum
794 1573 847 1598 Sic
875 1572 1113 1598 PRocssmTUR.
1142 1560 1301 1598 Videtur
1323 1560 1428 1608 quod

399 1605 553 1675 &50ae
580 1615 730 1652 habitus
745 1626 824 1651 non
839 1614 884 1651 sit
894 1613 1063 1662 qualitas.
1076 1613 1174 1650 Dicit
1184 1613 1284 1649 enim
1299 1614 1428 1660 Augu-

448 1684 509 1713 *r
520 1653 551 1715 ’ἢ
567 1666 712 1714 stinus,
728 1667 766 1703 in
786 1666 880 1703 libro
901 1667 1098 1716 Octoginta
1113 1666 1225 1702 trium
1246 1665 1427 1711 Quaestq*

392 1716 399 1723 ”
427 1712 688 1768 '3¹51Nquod
714 1721 785 1756 hoc
812 1731 947 1756 nomen
976 1720 1122 1756 habitus
1148 1719 1286 1755 dictum
1310 1724 1364 1754 est
1380 1719 1428 1754 ab

369 1773 441 1809 hoc
466 1773 581 1809 verbo
601 1772 702 1821 quod
718 1778 772 1809 est
790 1777 807 1793 ‘²
830 1773 978 1809 habere.
1005 1772 1080 1809 Sed
1106 1772 1247 1808 habere
1271 1783 1349 1807 non
1369 1784 1428 1808 so-

370 1825 451 1861 lum
478 1825 640 1873 pertinet
667 1825 715 1862 ad
743 1825 974 1872 qualitatem,
1004 1825 1072 1861 sed
1098 1825 1146 1861 ad
1171 1824 1242 1861 alia
1269 1836 1426 1871 genera:

372 1877 532 1914 dicimur
560 1877 661 1914 enim
688 1878 829 1914 habere
859 1877 971 1914 etiam
993 1876 1008 1906 β
1026 1877 1282 1925 quantitatem,
1310 1884 1345 1913 et
1362 1889 1428 1925 pe—

373 1930 536 1978 cuniam,
567 1938 603 1967 et
622 1930 692 1967 alia
711 1930 941 1967 huiusmodi.
972 1931 1073 1978 Ergo
1102 1930 1251 1967 habitus
1276 1941 1354 1966 non
1375 1925 1436 1966 est'

372 1983 543 2030 qualitas.

426 2046 461 2072 2.
490 2036 729 2082 ΡιιΑΕτΕιιΕΑ,
760 2035 921 2072 Habitus
948 2035 1101 2084 ponitur
1132 2047 1252 2071 unum
1280 2035 1428 2084 praecli-

372 2095 606 2135 camentum3
630 2096 673 2125 ut
690 2095 793 2137 patet
811 2088 849 2125 in
868 2088 963 2125 libro
982 2088 1377 2125 Praedicamentorum
1396 2088 1427 2125 ²¹⁸.

373 2140 450 2178 Sed
476 2153 597 2178 unum
631 2141 983 2189 praedicamentum
1011 2153 1090 2178 non
1119 2141 1331 2178 continetur
1358 2141 1428 2178 sub

371 2193 456 2231 alio.
487 2194 589 2241 Ergo
618 2193 768 2231 habitus
796 2206 875 2230 non
903 2201 959 2231 est
986 2194 1153 2242 qualitas.

426 2247 461 2283 3.
491 2247 727 2294 PRAETEREA,
757 2247 878 2284 omnis
905 2247 1052 2284 habitus
1079 2252 1134 2283 est
1157 2246 1360 2294 dispositio,
1388 2254 1430 2282 ut

371 2298 504 2336 dicitur
522 2298 560 2335 in
573 2299 889 2336 &aedicamentis
902 2299 933 2336 ⁹¹⁸.
956 2299 1032 2336 Sed
1052 2298 1247 2347 dispositio
1263 2307 1325 2335 est·
1337 2298 1429 2335 ordo

370 2351 538 2388 habentis
558 2357 706 2400 partes,
734 2359 776 2388 ut
803 2351 938 2388 dicitur
960 2351 998 2388 in
1016 2352 1051 2388 V
1069 2352 1285 2400 Metaphys.
1301 2351 1321 2373 ’³‘
1344 2351 1430 2387 Hoc

370 2411 499 2445 autem
529 2404 693 2453 pertinet
725 2404 774 2441 ad
805 2404 1158 2453 praedicamentum
1187 2405 1297 2442 Situs.
1327 2404 1429 2450 Ergo

370 2457 520 2495 habitus
548 2469 631 2494 non
655 2464 712 2494 est
739 2457 909 2506 qualitas.

425 2510 500 2547 SED
514 2521 660 2547 CONTRA
679 2521 745 2546 EST
759 2511 863 2558 quod
879 2510 1133 2558 Philosophus
1149 2509 1248 2556 dicit,
1263 2509 1302 2546 in
1315 2511 1430 2546 Prae-

279 2585 285 2592 ·
309 2587 315 2598 ‚
338 2586 343 2592 -
371 2556 626 2600 dicamentis*
628 2591 637 2609 ‚
659 2563 763 2610 quod
790 2562 940 2599 habitus
961 2570 1016 2599 est
1043 2562 1203 2610 qualitas
1226 2562 1272 2598 de
1289 2561 1434 2610 difficili

371 2614 528 2652 mobilis.

425 2668 652 2704 RESPONDEO
680 2678 864 2703 DICENDUM
893 2666 995 2715 quod
1023 2667 1098 2703 hoc
1121 2678 1266 2703 nomen
1287 2667 1433 2703 habitus

374 2720 422 2756 ab
451 2714 629 2756 habendo
650 2726 706 2756 est
726 2726 933 2768 sumptum.
959 2721 990 2755 A
1013 2731 1090 2767 quo
1111 2719 1267 2767 quidem
1287 2731 1431 2756 nomen

372 2772 522 2809 habitus
552 2771 747 2820 dupliciter
775 2771 984 2809 derivatur:
1012 2784 1091 2809 uno
1121 2772 1275 2821 quidem
1299 2773 1432 2824 modo,

373 2824 583 2869 secundum
604 2825 708 2873 quod
734 2825 865 2872 homo,
894 2825 956 2861 vel
985 2836 1250 2873 quaecumque
1270 2825 1342 2862 alia
1361 2820 1433 2871 res,

374 2876 508 2914 dicitur
523 2877 663 2926 aliquid
680 2877 840 2924 habere;
861 2877 934 2914 alio
954 2878 1084 2924 modo,
1101 2877 1313 2915 secundum
1328 2877 1434 2926 quod

373 2929 497 2979 aliqua
516 2942 576 2967 res
594 2930 720 2979 aliquo
749 2931 867 2967 modo
888 2942 928 2967 se
947 2930 1062 2967 habet
1088 2929 1127 2967 in
1155 2930 1279 2979 seipsa
1303 2931 1365 2967 vel
1385 2930 1433 2967 ad

373 2982 515 3031 aliquid
543 2982 654 3020 aliud.

426 3035 537 3072 Circa
564 3034 730 3084 primum
750 3042 894 3083 autem,
916 3035 1232 3072 considerandum
1256 3042 1310 3072 est
1329 3035 1433 3084 quod

372 3088 530 3136 habere,
561 3088 773 3125 secundum
806 3088 910 3136 quod
943 3087 1077 3125 dicitur
1109 3095 1283 3136 respectu
1311 3088 1434 3125 cuius—

373 3152 538 3188 cumque
567 3141 672 3189 quod
699 3141 870 3188 habetur,
901 3153 1108 3178 commune
1128 3149 1184 3177 est
1211 3141 1260 3178 ad
1284 3140 1433 3178 diversa

371 3204 520 3240 genera.
555 3193 666 3230 Unde
698 3193 951 3242 Philosophus
974 3193 994 3215 ’¹‘
1025 3193 1120 3230 inter
1150 3193 1431 3242 postpraedica—

371 3253 500 3283 menta
527 3247 666 3283 habere
691 3246 811 3295 ponit,
843 3259 940 3295 quae
969 3246 1109 3283 scilicet
1128 3246 1277 3284 diversa
1305 3258 1431 3283 rerum

372 3310 510 3346 genera
539 3306 840 3347 consequuntur;
857 3299 951 3336 sicut
975 3306 1062 3336 sunt
1075 3300 1253 3348 opposita,
1270 3307 1306 3336 et
1319 3299 1427 3348 prius

426 3404 454 3435 α)
473 3404 544 3436 quod
562 3407 609 3428 est.
624 3417 641 3422 -
656 3403 718 3428 Om.
733 3403 778 3428 Pa.
792 3416 811 3422 -
825 3403 875 3428 Pro
888 3403 968 3428 altero
981 3405 1036 3434 sed,
1055 3405 1102 3429 sed
1116 3405 1195 3429 etiam
1211 3405 1241 3428 E.

425 3437 451 3471 β)
470 3438 551 3463 etiam
568 3452 587 3457 -
605 3438 664 3462 Om.
685 3438 755 3463 PKa.

425 3474 452 3507 γ)
468 3480 564 3498 vero.-
573 3474 642 3498 enim
653 3473 798 3498 PDHKa.-
807 3474 870 3497 Post
879 3474 971 3506 quibus
981 3474 1049 3498 PIsD
1065 3475 1161 3499 addunt
1175 3482 1243 3503 non5
1258 3480 1316 3507 post
1327 3478 1428 3500 utrum-

373 3515 423 3540 que
437 3509 457 3532 F
472 3509 541 3533 addit
555 3516 606 3533 non
626 3509 731 3541 quidem
750 3509 821 3534 actio
839 3511 866 3533 et
879 3509 980 3540 passio.

426 3542 451 3576 ὃ)
471 3547 560 3576 tegens
571 3562 577 3568 .
589 3562 595 3568 .
607 3562 614 3569 .
634 3547 739 3569 tectum.
757 3558 775 3562 —
794 3550 902 3577 regens.
913 3562 919 3568 .
930 3562 937 3569 .
956 3548 1055 3570 rectum
1076 3545 1121 3569 Pa.

1482 1565 1517 1595 et
1536 1560 1733 1607 posterius,
1751 1567 1787 1596 et
1802 1560 1873 1597 alia
1891 1560 2122 1598 huiusmodi.
2134 1582 2157 1590 -
2175 1562 2251 1599 Sed
2266 1562 2361 1599 inter
2379 1575 2424 1599 ea
2442 1575 2539 1610 quae

1482 1612 1679 1659 habentur,
1705 1612 1787 1649 talis
1805 1613 1956 1650 videtur
1975 1626 2056 1650 esse
2077 1614 2275 1662 distinctio,
2297 1616 2401 1663 quod
2425 1627 2541 1663 quae-

1483 1665 1572 1702 dam
1601 1672 1688 1701 sunt
1716 1665 1753 1702 in
1782 1666 1919 1713 quibus
1948 1666 2038 1702 nihil
2073 1674 2127 1703 est
2154 1667 2325 1704 medium
2354 1667 2448 1704 inter
2475 1668 2540 1704 ha-

1483 1718 1576 1754 bens
1606 1725 1642 1754 et
1669 1717 1706 1754 id
1735 1718 1839 1766 quod
1867 1719 2044 1755 habetur:
2075 1719 2169 1756 sicut
2201 1719 2296 1756 inter
2330 1720 2540 1756 subiectum

1482 1777 1519 1806 et
1546 1770 1764 1818 qualitatem
1791 1772 1853 1807 vel
1883 1771 2126 1820 quantitatem
2157 1772 2246 1808 nihil
2276 1780 2330 1809 est
2357 1773 2539 1809 medium.

1483 1823 1685 1869 Quaedam
1713 1835 1807 1860 vero
1827 1829 1842 1851 Υ
1871 1832 1957 1860 sunt
1983 1824 2020 1860 in
2049 1825 2184 1872 quibus
2213 1832 2269 1861 est
2296 1825 2435 1874 aliquid
2463 1838 2542 1862 me-

1482 1875 1587 1912 dium
1616 1875 1711 1912 inter
1738 1883 1954 1924 utrumque,
1984 1877 2051 1913 sed
2080 1878 2160 1913 sola
2190 1877 2337 1914 relatio:
2367 1878 2462 1914 sicut
2488 1878 2541 1914 di-

1483 1928 1577 1964 citur
1605 1928 1737 1976 aliquis
1765 1929 1905 1965 habere
1935 1929 2082 1966 socium
2111 1931 2172 1966 vel
2200 1930 2378 1969 amicum.
2414 1931 2541 1977 Quae-

1483 1981 1572 2017 dam
1600 1993 1693 2017 vero
1723 1988 1809 2018 sunt
1840 1981 1935 2018 inter
1963 1994 2060 2030 quae
2090 1990 2145 2019 est
2177 1982 2318 2031 aliquid
2345 1983 2538 2030 medium,

1482 2046 1560 2070 non
1589 2033 1744 2081 quidem
1765 2034 1862 2070 actio
1880 2035 1943 2071 vel
1962 2034 2100 2083 passio,
2125 2036 2192 2072 sed
2212 2035 2351 2084 aliquid
2369 2047 2440 2084 per
2457 2047 2540 2073 mo-

1483 2086 1575 2123 dum
1604 2086 1760 2123 actionis
1786 2087 1850 2123 vel
1876 2087 2079 2135 passionis,
2108 2095 2221 2136 prout
2253 2088 2392 2125 scilicet
2417 2101 2538 2126 unum

1483 2146 1538 2175 est
1566 2151 1705 2176 ornans
1733 2139 1794 2175 vel
1821 2146 1967 2187 tegens,
1998 2147 2034 2176 et
2061 2140 2163 2177 aliud
2191 2149 2367 2178 ornatum
2395 2149 2461 2178 aut
2487 2149 2540 2178 te-

1483 2199 1586 2228 ctum
1606 2190 1634 2228 ⁶:
1663 2191 1766 2229 unde
1786 2192 2041 2241 Philosophus
2062 2193 2159 2240 dicit,
2180 2193 2218 2230 in
2236 2194 2271 2230 V
2289 2194 2538 2242 Metaphys.²³‘,
2566 2221 2577 2232 .

1483 2245 1588 2292 quod
1615 2244 1761 2281 habitus
1787 2245 1922 2281 dicitur
1949 2251 2128 2293 tanquam
2153 2246 2250 2282 actio
2270 2248 2455 2294 quaedam
2474 2248 2540 2283 ha·
2567 2259 2594 2294 ga

1484 2297 1599 2334 bentis
1627 2302 1663 2333 et
1687 2297 1821 2342 hahiti,
1851 2297 1946 2334 sicut
1975 2305 2030 2334 est
2056 2298 2095 2335 in
2121 2298 2191 2335 illis
2218 2311 2318 2346 quae
2346 2299 2443 2336 circa
2471 2312 2541 2336 nos

1483 2350 1682 2386 habemus.
1712 2350 1761 2386 Et
1786 2349 1872 2386 ideo
1899 2350 1938 2386 in
1965 2350 2023 2387 his
2052 2351 2288 2388 constituitur
2313 2364 2434 2388 unum
2459 2365 2540 2401 spe-

1484 2402 1575 2439 ciale
1604 2414 1722 2450 genus
1750 2414 1888 2450 rerum,
1914 2403 2018 2451 quod
2042 2403 2175 2440 dicitur
2191 2404 2542 2463 praedicamentum

1485 2454 1662 2492 Habitus:
1675 2455 1721 2492 de
1733 2467 1810 2503 quo
1826 2455 1914 2492 dicit
1923 2455 2210 2504 Philosophus,
2201 2469 2238 2493 in
2249 2458 2284 2493 V
2292 2458 2542 2506 Metaplzysq
2510 2458 2531 2479 ’³‘

1486 2508 1591 2556 quod
1619 2508 1743 2544 inter‘
1772 2509 1966 2544 habentem
1995 2509 2267 2554 indumentum,
2296 2516 2332 2546 et
2352 2511 2544 2548 indumen-

1486 2567 1563 2597 tum
1591 2559 1693 2608 quod
1716 2561 1884 2606 habetur,
1914 2567 1967 2597 est
1990 2555 2137 2598 habitus
2163 2562 2317 2599 medius.

1539 2612 1579 2649 Si
1607 2620 1734 2649 autem
1763 2620 1935 2650 sumatur
1961 2613 2103 2650 habere
2130 2621 2244 2673 prout
2261 2627 2321 2651 res
2341 2615 2466 2663 aliqua
2490 2615 2543 2653 di-

1487 2665 1580 2702 citur
1609 2664 1778 2713 quodam
1807 2666 1925 2703 modo
1954 2678 1994 2702 se
2022 2667 2163 2703 habere
2191 2667 2229 2704 in
2258 2667 2382 2716 seipsa
2409 2668 2470 2704 vel
2495 2668 2543 2705 ad

1488 2718 1588 2755 aliud
1609 2716 1638 2764 ζ;
1660 2729 1748 2763 cum
1765 2717 1834 2755 iste
1862 2718 2002 2756 modus
2021 2731 2061 2755 se
2080 2719 2245 2756 habendi
2266 2720 2313 2756 sit
2332 2720 2542 2758 secundum

1487 2771 1653 2818 aliquam
1677 2770 1905 2819 qualitatem,
1934 2772 2010 2808 hoc
2038 2772 2155 2809 modo
2181 2773 2333 2810 habitus
2352 2773 2542 2822 quaedam

1489 2824 1646 2873 qualitas
1675 2830 1747 2860 est:
1778 2823 1825 2860 de
1853 2836 1930 2872 quo
1951 2830 1969 2851 ⁷¹
1998 2825 2272 2873 Philosophus,
2302 2826 2340 2863 in
2363 2826 2399 2862 V
2418 2827 2542 2863 Meta-

1481 2878 1593 2925 phys.
1610 2875 1650 2923 ²¹²,
1680 2875 1767 2913 dicit
1799 2877 1904 2925 quod
1934 2878 2080 2914 habitus
2106 2876 2247 2914 d'icitur
2273 2879 2460 2926 dispositio
2487 2891 2542 2915 se-

1487 2929 1649 2966 cundum
1678 2940 1792 2977 quam
1820 2930 1912 2966 bene
1938 2930 1998 2967 vel
2028 2930 2127 2966 male
2157 2931 2364 2979 disponitur
2391 2931 2542 2979 disposi-

1487 2988 1581 3027 tum,
1602 2978 1667 3018 et⁰
1686 2987 1753 3018 aut
1777 2983 1981 3019 secundum
1998 2995 2039 3019 se
2057 2989 2123 3020 aut
2139 2984 2191 3020 ad
2211 2984 2324 3030 aliud,
2347 2990 2388 3020 ut
2403 2984 2543 3022 sanitas

1485 3035 1648 3076 habitus
1669 3034 1822 3082 quidam
1856 3041 1918 3072 est.
1957 3036 2007 3072 Et
2041 3036 2092 3072 sic
2128 3036 2322 3084 loquimur
2359 3049 2461 3074 nunc
2494 3037 2542 3074 de

1485 3087 1628 3124 habim.
1649 3087 1760 3124 Unde
1781 3087 1984 3126 dicendum
2004 3096 2060 3125 est
2078 3089 2183 3137 quod
2201 3089 2352 3127 habitus
2373 3098 2429 3127 est
2451 3102 2542 3138 qua-

1485 3141 1578 3177 litas.

1537 3194 1596 3229 An
1616 3204 1752 3230 ΡιιιΜυΜ
1767 3204 1865 3230 ERGO
1880 3204 2063 3231 DtCENDUM
2078 3194 2182 3242 quod
2197 3194 2362 3232 obiectio
2379 3195 2440 3232 illa
2453 3207 2541 3244 pro-

1485 3245 1581 3283 cedit
1601 3245 1648 3282 de
1666 3246 1807 3282 habere
1827 3246 2081 3283 communiter
2099 3254 2268 3296 sumpto:
2289 3248 2342 3284 sic
2367 3247 2467 3284 enim
2488 3255 2542 3285 est

1485 3310 1691 3335 commune
1719 3299 1768 3335 ad
1796 3299 1915 3336 multa
1941 3311 2090 3348 genera,
2118 3307 2159 3336 ut
2187 3300 2329 3337 dictum
2360 3308 2415 3337 est
2438 3300 2468 3337 ²¹².

1539 3406 1560 3435 ε)
1581 3405 1658 3429 inter.
1676 3418 1694 3423 -
1713 3404 1784 3438 inst-a
1803 3405 2028 3429 ABCDEFGHIL.

1538 3439 1562 3471 ζ)
1582 3439 1619 3464 ad
1636 3440 1719 3464 aliud.
1737 3454 1754 3458 —
1772 3440 1809 3464 ad
1827 3440 1929 3471 aliquid
1946 3441 2021 3464 aliud
2040 3441 2066 3468 Ρ,
2085 3440 2186 3471 aliquid
2204 3439 2278 3464 aliud
2298 3440 2339 3464 ed.
2352 3447 2378 3465 a.

1536 3475 1562 3506 η)
1582 3483 1641 3507 quo.
1660 3489 1678 3492 -
1696 3482 1748 3507 qua
1768 3475 1796 3499 Ρ.

1537 3509 1560 3541 0)
1581 3513 1613 3535 ct.
1632 3523 1650 3528 —
1668 3513 1694 3534 et
1712 3510 1760 3535 hoc
1778 3510 1828 3534 EF.

2470 233 2545 279 309

2570 722 2580 732 '⁴
2596 722 2643 749 Qu.
2657 730 2679 746 L.

2569 817 2580 827 ⁶
2595 816 2643 843 Qu.
2657 823 2688 838 ιι.

2570 871 2578 878 ·
2595 869 2642 896 Qu.
2658 875 2704 891 ιιν.

2571 2465 2581 2476 “
2595 2464 2653 2486 ibid.

2569 2889 2650 2910 ‘Loc-
2670 2889 2774 2919 proxime

2569 2915 2607 2936 cin
2623 2927 2632 2931 -
2649 2915 2702 2937 Did.
2721 2921 2743 2936 n.
2758 2921 2777 2936 2.

2569 3306 2578 3316 ⁶
2593 3306 2617 3327 ln
2636 3311 2740 3333 corpore.
