2852 4152
91 343 100 351 ·
118 340 154 363 Cf.
169 347 231 363 num.
243 347 259 363 1.

88 781 96 790 ·
107 779 168 801 Part.
177 780 193 806 1,
203 785 241 808 qu.
250 786 297 806 xm,

86 809 154 833 arta,
165 806 296 828 Comi-nent.

86 838 151 854 num.
162 838 184 854 vr
204 838 256 860 sqq.

80 1700 89 1708 ·
111 1698 167 1725 Cap.
182 1704 225 1725 xn,
239 1704 262 1720 n.
277 1704 289 1726 3

78 1730 131 1752 sqq.
140 1736 149 1740 -
156 1724 287 1747 S.Th.1ect.

78 1756 142 1772 xvm.

79 2406 89 2414 ¹
105 2403 141 2426 Cf,
156 2409 220 2425 num.
235 2409 252 2425 1.

335 173 404 219 178

327 251 420 281 Unde
439 250 465 280 si
479 251 556 282 haec
578 251 796 292 perspicaciter
819 252 1044 283 considerasset
1067 253 1188 290 Scotus,
1213 255 1246 284 in
1265 256 1385 290 Tertio,

327 294 398 325 dist.
413 304 493 331 xxvr,
517 295 598 325 hanc
620 295 833 335 improbatam
855 305 940 326 nunc
954 296 1151 336 phantasiam
1166 307 1233 327 non
1250 298 1384 329 dixisset.

383 338 435 370 IV.
459 339 509 369 Ad
533 339 660 370 tertium
684 339 847 369 dubium*
863 339 976 370 dicitur
994 340 1091 380 quod,
1116 340 1197 371 sicut
1212 341 1317 371 anima
1340 348 1386 372 est

327 391 422 422 supra
445 389 600 419 naturam,
625 383 668 413 ita
686 383 802 413 modus
817 383 965 413 tendendi
981 383 1013 413 in
1033 383 1187 414 contraria
1209 384 1242 414 in
1265 384 1386 414 anima-

326 426 419 462 libus,
444 434 491 457 est
513 437 608 467 supra
630 427 767 457 modum
794 437 859 467 quo
883 433 994 456 natura
1017 436 1049 456 se
1071 426 1174 457 habet.
1199 427 1256 457 Est
1278 434 1385 458 autem

326 470 443 501 modus
459 477 597 507 naturae,
615 477 651 501 ut
665 480 731 500 non
750 470 810 500 nisi
833 470 996 510 sequendo
1020 470 1220 506 conveniens,
1245 470 1386 502 dissonet

327 515 365 544 ab
389 514 635 545 inconvenienti:
659 514 703 545 ita
725 515 813 554 quod
837 523 903 544 non
926 512 1052 552 respicit
1075 513 1266 544 conveniens
1285 520 1316 544 et
1337 514 1384 544 in-

327 559 517 589 conveniens
541 558 716 589 secundum
731 557 841 597 seipsa,
859 557 914 587 sed
929 562 1053 586 tantum
1068 557 1292 597 prosequendo
1309 567 1383 588 con-

324 602 462 634 veniens.
488 602 571 642 Ignis
590 601 684 638 enim,
704 601 926 641 prosequendo
950 609 1042 629 suam
1066 599 1311 637 calefactionem,
1332 601 1384 632 de-

326 646 416 677 struit
439 646 553 686 frigus:
578 652 609 676 et
627 652 734 675 motus
755 654 882 674 sursum
903 642 1053 682 relinquit
1068 644 1227 681 deorsum,
1246 651 1276 675 et
1291 645 1385 676 trahit

325 699 434 720 secum
456 690 610 720 violenter
632 688 751 729 aliquid
775 687 880 718 minus
903 696 1005 726 grave.
1037 687 1078 718 Et
1099 687 1185 718 radix
1214 688 1309 719 huius
1339 695 1385 719 est

325 734 400 774 quia
427 740 538 764 natura
566 740 612 763 est
639 731 843 763 determinata
870 731 911 761 ad
940 739 1061 762 uuum:
1093 731 1168 772 quia
1195 731 1324 763 inclinat
1353 739 1384 764 et

325 784 472 817 operatur
498 777 573 818 quia
596 783 659 812 est,
685 782 720 806 ut
743 774 847 805 alibi*
870 774 1107 806 declaravimus.
1131 775 1249 806 Anima
1276 782 1383 807 autem

324 821 483 858 sensitiva,
507 830 588 861 quae
612 825 759 860 operatur
782 818 856 859 quia
879 819 1103 858 apprehendit,
1127 829 1194 850 non
1218 820 1257 850 ad
1280 830 1383 851 unum

324 865 528 896 determinata
551 871 612 900 est,
637 863 691 894 sed
721 862 807 892 iuxta
835 861 1042 893 differentiam
1068 863 1382 905 contrarietatemque

322 909 601 949 apprehensorum,
618 907 686 947 ipsa
702 906 856 936 contraria
870 906 1046 937 secundum
1066 916 1099 937 se
1115 907 1248 947 respicit.
1264 910 1311 938 Ac
1326 918 1383 947 per

322 953 393 989 hoc,
418 963 484 982 non
508 951 622 982 sufficit
645 949 773 980 animali
796 959 886 980 amor
909 950 1124 981 convenientis
1143 960 1202 991 pro
1219 951 1295 981 odio
1319 951 1382 981 dis-

323 995 550 1027 convenientis:
565 995 619 1025 sed
634 1001 805 1034 utrumque
820 1003 974 1030 seorsum,
988 994 1130 1025 ordinate
1146 1001 1262 1032 tamen,
1279 994 1380 1034 exigit,

322 1047 357 1070 ut
380 1039 555 1070 animaliter
578 1038 737 1079 appetitus
761 1037 828 1068 eius
851 1047 884 1068 se
907 1037 1020 1070 habeat
1043 1039 1083 1068 ad
1106 1039 1270 1069 contraria.
1294 1038 1382 1069 Sicut

321 1083 407 1114 enim
430 1082 572 1123 oportuit
594 1083 634 1112 ad
656 1082 717 1112 hoc
741 1081 829 1122 quod
852 1081 1028 1113 animaliter
1050 1088 1271 1122 appeterentur
1286 1082 1381 1112 etiam

320 1127 482 1163 naturalia,
507 1133 543 1157 ut
566 1126 723 1162 alimenta,
739 1125 840 1156 inesse
860 1126 1048 1156 animalibus
1069 1125 1246 1166 appetitum
1268 1124 1381 1156 eorum

320 1171 375 1212 qui
399 1171 438 1202 sit
461 1177 548 1201 actus
578 1170 716 1206 elicitus,
741 1176 818 1209 puta
842 1169 1032 1200 desiderium
1061 1175 1092 1199 et
1119 1169 1283 1200 delectatio
1313 1169 1381 1199 ani-

319 1215 410 1245 malis
434 1223 648 1255 consequens3
672 1213 715 1244 ita
730 1213 874 1253 oportuit
889 1214 928 1243 ad
944 1213 1005 1243 hoc
1021 1212 1109 1254 quod
1124 1212 1300 1244 animaliter
1315 1213 1381 1243 ani-

319 1260 384 1289 mal
407 1269 440 1289 se
463 1259 583 1294 habeat,
608 1257 797 1298 appetendo,
822 1257 862 1287 ad
885 1256 1047 1293 contraria,
1072 1263 1109 1287 ut
1130 1256 1163 1287 in
1186 1256 1255 1297 ipsa
1271 1266 1380 1287 secun-

319 1303 398 1334 dum
421 1302 522 1342 seipsa
544 1302 660 1333 tendat.
685 1301 797 1342 Neque
812 1300 874 1331 hoc
888 1306 935 1331 est
953 1301 1138 1341 degenerare
1154 1310 1173 1331 a
1187 1307 1308 1338 natura,
1326 1301 1381 1331 sed

319 1347 431 1377 elevari
455 1357 550 1387 supra
572 1346 670 1375 illam.

373 1391 414 1422 Et
438 1400 512 1421 cum
535 1389 648 1420 dicitur
670 1388 758 1429 quod
781 1388 920 1428 dispersa
941 1387 1071 1419 inferius
1095 1394 1170 1419 sunt
1185 1388 1272 1418 unita
1288 1398 1380 1429 supe-

318 1435 391 1469 rius,
416 1444 527 1465 verum
542 1441 597 1470 est,
615 1433 723 1464 ceteris
746 1431 884 1472 paribus.
908 1432 983 1462 Non
1007 1432 1050 1463 sic
1068 1438 1176 1463 autem
1195 1438 1242 1463 est
1254 1432 1287 1462 in
1303 1442 1379 1472 pro-

318 1479 435 1520 posito.
466 1478 610 1509 Tendere
633 1477 667 1507 in
690 1475 845 1507 contraria
869 1476 1049 1506 'secundum
1073 1486 1119 1512 se,
1145 1482 1175 1506 et
1197 1476 1324 1507 tendere
1346 1476 1380 1506 in

318 1532 353 1553 ea
372 1523 479 1553 solum
494 1521 718 1563 prosequendo
735 1520 793 1550 sibi
813 1520 1013 1557 conveniens,
1030 1530 1097 1550 non
1113 1526 1187 1551 sunt
1201 1519 1300 1560 paria:
1325 1520 1380 1550 sed

317 1567 458 1607 primum
482 1573 528 1597 est
549 1566 645 1606 longe
668 1564 781 1600 maius,
806 1563 881 1604 quia
903 1573 960 1604 per
983 1574 1015 1594 se
1038 1565 1194 1604 adaequat
1217 1564 1285 1604 ipsa
1304 1574 1378 1595 con-

317 1611 422 1647 traria;
441 1610 617 1641 secundum
631 1619 706 1640 vero
723 1609 856 1639 alterum
872 1617 928 1648 per
943 1608 1086 1638 accidens
1102 1607 1236 1648 respicit.
1251 1608 1292 1639 Et
1306 1608 1378 1638 ideo

317 1665 383 1686 non
407 1661 452 1686 est
475 1654 610 1692 mirum,
635 1653 660 1683 si
683 1653 774 1693 plura
797 1651 903 1691 exigit:
927 1651 991 1682 iam
1015 1652 1100 1682 enim
1123 1658 1209 1692 patet
1232 1661 1268 1682 ex
1291 1662 1379 1692 para-

317 1699 390 1730 bola
414 1698 557 1739 dispositi
582 1698 621 1727 ad
644 1697 826 1732 sanitatem,
851 1695 883 1725 in
907 1696 934 1726 ΙΙ
958 1695 997 1726 de
1023 1695 1120 1726 Caelo
1150 1701 1181 1726 et
1203 1696 1328 1726 Mundo
1344 1694 1376 1733 *,

317 1744 406 1784 quod
428 1743 461 1773 in
484 1741 632 1773 nobiliori
651 1741 750 1780 gradu
770 1739 912 1770 consistit
930 1749 1023 1780 egens
1039 1739 1183 1780 pluribus
1203 1739 1324 1770 auxiliis
1339 1741 1379 1770 ad

316 1788 428 1823 maius,
453 1797 551 1827 quam
574 1785 682 1826 paucis
706 1785 746 1814 ad
769 1784 884 1815 minus.

370 1832 436 1862 Nec
460 1837 506 1861 est
527 1839 639 1860 verum
662 1828 751 1869 quod
773 1837 864 1858 amor
887 1833 918 1858 et
941 1826 1054 1857 odium
1077 1833 1327 1866 congenerentur
1349 1834 1380 1859 et

316 1876 492 1907 coalescant
511 1880 542 1904 et
561 1872 775 1908 condesinant,
793 1870 976 1902 formaliter.
995 1870 1081 1901 Cum
1097 1870 1183 1900 enim
1199 1880 1290 1901 amor
1306 1881 1379 1902 cau-

315 1926 400 1950 setur
415 1929 452 1949 ex
474 1919 561 1948 bono
586 1916 794 1957 apprehenso,
820 1922 880 1946 stat
895 1915 1019 1945 bonum
1033 1914 1164 1955 aliquod
1181 1914 1305 1954 saepius
1323 1925 1377 1954 ap-

315 1962 476 2003 prehendi,
494 1968 524 1992 et
540 1960 679 1991 multum
692 1959 798 1995 amari,
817 1959 935 1999 absque
949 1957 1200 1988 consideratione
1217 1958 1376 1988 contrarii:

314 2008 399 2038 unde
422 2006 457 2037 fit
479 2012 510 2036 et
533 2004 643 2036 crescit
665 2013 756 2034 amor
778 2002 961 2037 formaliter,
983 2007 1013 2031 et
1028 2011 1095 2031 non
1110 2001 1165 2031 fiet
1184 2011 1242 2031 nec
1263 2009 1379 2033 crescet

315 2051 427 2082 odium
450 2049 634 2085 formaliter,
658 2047 712 2078 sed
735 2046 908 2077 virtualiter
923 2052 1057 2082 tantum,
1078 2055 1133 2076 seu
1150 2044 1183 2076 in
1199 2045 1248 2075 sui
1264 2045 1376 2082 radice,

315 2095 431 2126 scilicet
453 2094 486 2124 in
509 2102 617 2123 amore
641 2090 791 2132 oppositi.
815 2089 1019 2121 Manifestum
1043 2096 1151 2120 autem
1173 2089 1236 2120 hoc
1254 2089 1379 2120 videtur

314 2140 346 2170 in
371 2137 544 2169 delectabili
573 2134 860 2176 contemplationis,
886 2140 1009 2165 carente
1032 2133 1206 2170 contrario;
1232 2139 1263 2164 et
1277 2132 1310 2163 in
1329 2143 1377 2164 as-

315 2183 410 2214 suetis
435 2180 686 2216 delectabilibus,
711 2188 877 2220 nunquam
906 2178 944 2208 de
968 2177 1129 2208 contrariis
1153 2177 1375 2217 cogitantibus.

315 2227 436 2257 Eadem
451 2232 558 2256 autem
577 2224 708 2260 ratione,
725 2233 791 2253 non
807 2222 988 2257 formaliter,
1007 2221 1060 2251 sed
1075 2221 1257 2257 virtualiter,
1274 2231 1378 2251 unum

316 2270 547 2302 contrariorum
577 2267 750 2309 appetitur,
782 2273 814 2297 et
835 2265 995 2307 reliquum
1025 2264 1195 2295 refutatur:
1224 2264 1378 2305 quoniam

316 2315 403 2346 alteri
426 2313 567 2345 formalis
590 2312 669 2342 ratio
693 2318 740 2342 est
761 2311 894 2347 bonum,
919 2308 1006 2340 alteri
1029 2309 1161 2345 malum,
1186 2314 1216 2339 et
1235 2315 1378 2339 amatum

315 2360 440 2390 bonum
463 2364 509 2388 est
531 2356 618 2387 radix
640 2354 811 2396 repellendi
835 2354 910 2384 mali
934 2352 1089 2384 contrarii.

371 2403 410 2434 V.
434 2402 486 2433 Ad
508 2407 658 2442 quartum
674 2398 808 2430 dubium
823 2397 840 2417 *
863 2397 976 2428 dicitur
999 2397 1089 2437 quod
1112 2395 1282 2426 differentia
1297 2395 1380 2426 inter

317 2447 415 2478 activa
438 2445 513 2487 quia
536 2451 625 2480 sunt,
652 2450 682 2474 et
705 2442 804 2473 activa
827 2442 903 2482 quia
932 2440 1140 2481 apprehensa,
1165 2439 1259 2470 solvit
1281 2449 1377 2481 quae-

318 2492 464 2522 stionem.
489 2489 599 2520 Activa
623 2487 708 2518 enim
732 2486 806 2526 quia
829 2492 912 2522 sunt,
938 2494 1012 2515 cum
1036 2484 1097 2515 sint
1120 2483 1324 2514 determinata
1342 2493 1378 2514 ex

317 2542 428 2566 natura
454 2533 582 2574 propria
605 2532 646 2562 ad
668 2530 913 2572 producendum
935 2528 981 2559 illi
1005 2528 1122 2564 simile,
1148 2537 1214 2558 non
1243 2534 1379 2567 possunt

317 2580 375 2610 nisi
391 2579 431 2609 ad
446 2587 478 2608 se
492 2576 646 2608 trahendo
662 2585 717 2615 per
732 2574 817 2604 viam
841 2572 1074 2604 assimilationis
1097 2581 1197 2611 agere,
1214 2571 1278 2601 sive
1294 2572 1379 2602 bona

317 2624 382 2655 sive
410 2622 492 2653 mala
515 2621 577 2652 sint
600 2620 660 2651 illis
687 2619 721 2649 in
745 2628 826 2659 quae
849 2624 955 2657 agunt.
985 2616 1095 2647 Activa
1117 2625 1193 2646 vero
1226 2615 1301 2655 quia
1324 2625 1378 2655 ap-

318 2667 485 2708 prehensa,
510 2666 584 2706 quia
607 2662 817 2704 apprehensio
840 2662 879 2692 ad
903 2662 1026 2691 bonum
1050 2659 1192 2690 animalis
1217 2659 1380 2689 ordinatur

318 2710 425 2754 (datur
444 2710 529 2741 enim
546 2709 592 2739 vis
617 2715 682 2738 tam
702 2705 928 2747 apprehensiva
947 2714 1045 2745 quam
1061 2703 1231 2744 appetitiva
1252 2702 1378 2733 animali

319 2762 448 2796 propter
462 2755 586 2784 bonurn
601 2751 700 2793 ipsius
719 2748 886 2790 animalis),
904 2749 1003 2779 activa
1023 2755 1105 2784 sunt,
1123 2757 1189 2778 non
1205 2747 1244 2777 ad
1261 2757 1302 2783 se,
1325 2747 1380 2777 sed

319 2800 358 2830 ad
387 2799 504 2837 animal
530 2797 638 2838 ipsum
665 2795 828 2826 trahendo.
854 2793 946 2824 Unde
975 2798 1104 2823 causant
1130 2791 1163 2821 in
1190 2790 1318 2821 animali
1348 2791 1380 2820 id

319 2844 408 2885 quod
431 2841 579 2874 convenit
602 2839 729 2871 animali
753 2839 786 2869 in
809 2837 919 2868 ordine
943 2837 983 2867 ad
1005 2836 1066 2868 tale
1081 2836 1250 2871 obiectum,
1269 2841 1299 2865 et
1314 2844 1381 2865 non

320 2888 353 2918 id
368 2887 457 2928 quod
480 2885 626 2917 convenit
648 2883 702 2915 tali
726 2882 861 2914 obiecto.
885 2881 977 2912 Unde
1001 2880 1123 2911 malum
1146 2879 1380 2919 apprehensum

321 2942 387 2962 non
411 2937 518 2962 causat
539 2930 571 2960 in
596 2927 724 2959 animali
747 2933 874 2957 motum
898 2925 936 2955 ad
961 2934 1003 2961 se,
1028 2924 1082 2954 sed
1106 2934 1123 2954 a
1146 2932 1192 2953 se:
1217 2923 1278 2953 hoc
1294 2922 1380 2952 enim

321 2982 368 3006 est
391 2984 516 3006 causare
540 2972 729 3004 conveniens
746 2969 875 3001 animali
894 2969 926 2999 in
941 2967 1148 3010 proportione
1165 2967 1203 2997 ad
1219 2967 1279 2997 tale
1295 2966 1381 2997 obie-

321 3026 419 3050 ctum.
436 3019 568 3058 Propter
582 3017 680 3058 quod,
694 3016 774 3046 sicut
787 3015 910 3045 bonum
923 3012 1155 3054 apprehensum
1171 3011 1380 3041 diversimode

322 3063 386 3103 agit
407 3063 440 3093 in
464 3061 580 3092 animal
604 3058 804 3095 attrahendo,
833 3068 889 3098 per
917 3056 1158 3088 consonantiam
1181 3055 1230 3085 vel
1254 3061 1380 3085 motum

321 3107 372 3137 vel
386 3106 539 3148 quietem;
555 3105 598 3135 ita
612 3104 733 3134 malum
752 3102 984 3143 apprehensum
1001 3100 1197 3142 depellendo,
1218 3099 1379 3129 dissonan-

322 3151 408 3188 tiam,
432 3150 541 3190 fugam
565 3156 594 3180 et
616 3147 877 3189 inquietudinem.

998 175 1264 222 QUAESTIO
1293 178 1436 225 XXIII,
1464 178 1759 215 ARTICULUS
1789 178 1840 215 lv

1497 255 1549 286 VI.
1575 255 1668 287 Circa
1695 256 1943 296 segregationem
1970 258 2156 298 passionum
2182 260 2216 291 in
2244 261 2358 292 eodem
2388 269 2502 303 quarto

1441 298 1575 329 arficulo
1607 299 1738 336 factam,
1767 299 1903 330 dubium
1930 302 2080 339 occurrit,
2105 303 2225 342 primo,
2257 305 2296 335 ad
2318 305 2500 337 hominem:

1441 341 1516 381 quia
1538 342 1672 382 ipsemet
1694 345 1825 378 Auctor,
1845 342 1878 373 in
1898 343 1938 373 111
1962 343 2062 382 Sent„
2087 346 2158 376 dist.
2175 356 2256 383 xxvr,
2280 358 2334 389 qu.
2351 360 2372 386 1,
2394 357 2449 382 art.
2472 360 2500 387 2,

1440 385 1480 414 ad
1506 386 1522 415 3
1548 392 1578 416 et
1600 387 1627 422 5,
1650 386 1743 426 ponit
1766 386 2006 417 delectationem
2029 397 2096 418 esse
2119 388 2214 419 etiam
2235 391 2418 430 passionem
2440 394 2499 424 ira-

1441 427 1566 461 scibilis.

1498 471 1611 502 Scotus
1634 482 1774 512 quoque,
1791 472 1825 502 in
1841 472 1882 503 111
1899 473 1997 511 Seni„
2022 474 2091 506 dist.
2107 485 2208 512 xxxxv,
2229 476 2320 517 ponit
2342 478 2500 511 trIstitiam

1439 523 1506 544 esse
1522 515 1616 545 etiam
1639 515 1821 555 passionem
1835 516 2007 554 irascibilis,
2024 518 2184 559 assignans
2200 519 2406 552 differentiam
2420 522 2502 554 inter

1439 557 1595 595 tristitiam
1618 558 1780 590 irascibilis
1805 566 1836 591 et
1851 561 2112 602 concupiscibilis,
2136 563 2211 604 quia
2233 563 2292 595 ista
2307 574 2382 595 cum
2397 566 2501 597 restri-

1440 600 1544 631 ctione
1568 602 1687 641 organi,
1711 602 1765 633 illa
1788 613 1862 634 cum
1878 605 2062 636 accensione
2078 607 2248 647 sanguinis.
2273 609 2314 639 Et
2328 610 2443 649 probat
2457 609 2499 640 di-

1438 645 1616 675 versitatem
1633 655 1751 683 earum,
1768 646 1843 687 quia
1862 647 1888 678 si
1907 648 2068 680 offendens
2084 649 2231 682 offeratur
2249 658 2285 683 ut
2302 652 2499 693 impossibile

1437 688 1555 728 repelli,
1581 696 1727 720 causatur
1748 690 1850 721 maior
1873 691 1996 723 tristitia
2017 693 2051 723 in
2073 695 2324 735 concupiscibili;
2340 703 2371 728 et
2393 703 2499 728 tamen

1438 742 1505 762 non
1528 740 1673 764 causatur
1695 734 1822 774 proprie
1844 734 1898 771 ira,
1924 741 1954 766 et
1977 745 2204 778 consequenter
2222 749 2279 770 nec
2293 740 2416 771 tristitia
2437 741 2497 771 ira-

1437 775 1562 813 scibilis,
1587 787 1661 808 cum
1684 787 1747 818 qua
1771 785 1816 809 est
1838 777 1885 808 ira
1902 780 2081 818 appetendo
2103 781 2284 820 vindictam,
2309 790 2340 814 et
2354 791 2498 825 postmo-

1438 820 1516 850 dum
1540 830 1614 851 cum
1638 821 1842 853 delectatione
1864 821 1993 862 propria
2015 832 2159 855 exercens
2181 825 2279 858 illam.
2381 850 2383 853 -

1492 864 1560 895 V11.
1584 865 1636 895 Ad
1658 865 1720 896 hoc
1743 865 1875 896 breviter
1890 866 2060 897 dicendum
2075 874 2122 898 est
2136 869 2234 909 quod,
2250 870 2310 901 nisi
2325 871 2497 912 aequivoce

1435 907 1623 948 loquamur,
1648 909 1820 949 segregatio
1850 909 1883 940 in
1912 909 2014 941 littera
2041 910 2121 941 facta
2143 914 2294 944 servanda
2316 922 2371 946 est.
2395 917 2497 946 Amor

1437 950 1523 981 enim
1538 958 1569 982 et
1585 952 1784 989 desiderium,
1809 959 1839 984 et
1862 953 2026 984 delectatio
2051 960 2082 985 et
2099 954 2230 992 tristitia,
2254 963 2286 988 et
2307 958 2426 1000 siquid
2450 966 2496 990 est

1437 994 1605 1031 eiusmodi,
1622 996 1648 1026 si
1669 1003 1835 1027 sumantur
1849 1007 1908 1037 pro
1924 997 2119 1028 naturalibus
2140 998 2340 1032 dissonantiis
2355 1002 2404 1034 vel
2422 1013 2497 1034 con-

1436 1038 1588 1069 sonantiis
1611 1039 1827 1079 potentiarum
1847 1041 1897 1071 vel
1917 1047 2047 1071 actuum
2063 1047 2093 1072 et
2108 1042 2302 1081 huiusmodi,
2322 1046 2494 1087 aequivoce

1436 1081 1584 1112 dicuntur
1607 1082 1645 1113 de
1669 1083 1788 1113 eisdem
1810 1090 1846 1114 ut
1868 1091 1942 1115 sunt
1964 1084 2126 1124 passiones
2150 1086 2309 1119 animales.
2332 1089 2374 1120 Et
2391 1090 2495 1130 primo

1435 1125 1565 1165 quidem
1589 1127 1699 1163 modo,
1724 1137 1912 1158 communes
1927 1135 2001 1159 sunt
2016 1129 2166 1160 omnibus
2182 1131 2345 1170 potentiis:
2369 1139 2400 1163 et
2415 1133 2496 1164 forte

1435 1168 1497 1200 hoc
1520 1170 1620 1200 modo
1643 1170 1837 1202 intellectum
1861 1178 1907 1202 est
1928 1171 1961 1202 in
1983 1172 2062 1203 locis
2081 1173 2219 1213 allegatis
2242 1174 2275 1204 in
2299 1176 2494 1215 oppositum.

1436 1212 1582 1243 Secundo
1607 1221 1713 1245 autem
1736 1215 1848 1252 modo,
1874 1216 2117 1260 propriaesunt
2140 1218 2392 1258 concupiscibilis
2414 1229 2496 1260 quae

1434 1256 1468 1286 in
1490 1257 1592 1288 littera
1614 1258 1673 1289 hac
1702 1266 1939 1296 enumerantur;
1964 1266 1994 1290 et
2015 1260 2162 1301 propriae
2178 1261 2339 1293 irascibilis
2362 1273 2444 1304 quae
2467 1263 2511 1294 ei>

1434 1300 1626 1332 tribuuntur.

1493 1346 1591 1383 Quod
1611 1345 1636 1375 si
1657 1345 1728 1386 quis
1745 1345 1827 1377 dicat
1843 1353 1986 1377 auctores
2001 1346 2060 1377 hos
2076 1348 2115 1378 de
2131 1348 2319 1380 animalibus
2342 1350 2494 1390 passioni-

1435 1389 1494 1419 bus
1509 1389 1543 1419 in
1559 1389 1724 1430 praedictis
1739 1389 1818 1420 locis
1833 1390 1932 1431 loqui,
1949 1391 2026 1421 nolo
2044 1393 2241 1429 contendere,
2265 1393 2340 1434 quia
2358 1394 2493 1425 rationa-

1434 1433 1537 1464 biliter
1547 1433 1638 1474 loqui
1651 1433 1785 1464 videtur.
1802 1434 1864 1465 Sed
1880 1434 1983 1465 dicam
1997 1435 2086 1475 quod
2098 1435 2189 1466 divus
2205 1436 2349 1467 Thomas
2360 1438 2495 1469 mutavit

1434 1477 1467 1507 in
1491 1476 1605 1507 melius
1629 1477 1824 1514 sententiam,
1847 1478 1926 1508 dum
1943 1478 1976 1508 in
1992 1478 2054 1509 hoc
2067 1478 2150 1510 libro
2170 1480 2357 1520 oppositum
2374 1481 2490 1519 docuit,

1434 1527 1471 1551 ut
1485 1521 1615 1551 inferius
1631 1521 1664 1551 in
1680 1531 1734 1562 qu.
1750 1531 1844 1559 xxxrr,
1856 1528 1911 1552 art.
1930 1522 1959 1558 6,
1977 1522 2017 1552 ad
2038 1523 2066 1558 3,
2081 1529 2176 1562 patet,
2192 1523 2433 1555 delectationem
2455 1525 2494 1556 de

1434 1564 1505 1605 ipso
1528 1565 1661 1601 vincere,
1681 1574 1779 1605 quam
1798 1564 1877 1595 olim
1899 1565 2008 1596 tribuit
2023 1565 2178 1602 irascibili,
2195 1576 2319 1607 ponens
2339 1577 2413 1598 cum
2427 1568 2495 1599 aliis

1435 1608 1694 1639 delectationibus
1718 1608 1982 1648 concupiscibilis.
2007 1609 2049 1639 Et
2066 1619 2139 1640 vere
2155 1609 2198 1640 sic
2220 1610 2301 1641 ratio
2324 1611 2441 1651 poscit:
2459 1619 2495 1643 ut

1435 1652 1516 1683 sicut
1531 1652 1578 1682 vis
1593 1652 1752 1693 quaelibet
1767 1652 1891 1682 animae
1906 1653 1965 1683 toti
1982 1653 2125 1690 deservit,
2139 1653 2182 1684 ita
2193 1653 2240 1684 vis
2257 1654 2447 1686 delectabilis
2463 1662 2494 1687 et

1435 1696 1649 1727 desiderativa.
1661 1697 1773 1737 Neque
1785 1696 1871 1726 enim
1887 1696 2078 1727 conveniens
2092 1698 2269 1728 secundum
2280 1705 2410 1736 tactum,
2424 1709 2495 1730 cau-

1434 1747 1482 1770 sat
1497 1740 1739 1771 delectationem
1754 1739 1787 1770 in
1803 1740 2050 1780 concupiscibili,
2066 1747 2098 1771 et
2111 1741 2301 1772 conveniens
2314 1743 2493 1774 secundum

1433 1784 1588 1820 auditum,
1606 1791 1686 1814 non:
1704 1793 1801 1814 omne
1820 1784 1905 1814 enim
1920 1784 2100 1815 delectabile
2115 1785 2292 1816 secundum
2307 1795 2494 1828 quemcum-

1433 1838 1496 1869 que
1525 1837 1668 1864 sensum,
1697 1827 1798 1858 immo
1830 1828 1926 1858 etiam
1955 1828 2133 1859 secundum
2162 1829 2430 1867 aestimationem,
2463 1837 2493 1862 et

1433 1881 1671 1912 quamcumque
1694 1871 1875 1902 sensitivam
1897 1871 2057 1908 virtutem,
2078 1879 2186 1903 causat
2201 1873 2442 1905 delectationem
2460 1874 2494 1909 in

1434 1915 1682 1960 concupiscibili,
1694 1925 1757 1956 qua
1768 1915 1836 1945 sola
1851 1915 1968 1945 animal
1983 1922 2093 1946 natum
2107 1922 2153 1947 est
2164 1916 2337 1948 formaliter
2349 1917 2494 1949 delectari

1433 1959 1609 1989 animaliter
1632 1958 1670 1988 de
1693 1968 1899 1999 quocumque
1919 1958 1977 1989 sibi
2001 1959 2172 1990 coniuncto
2195 1960 2298 1997 bono;
2323 1960 2404 1991 sieut
2426 1961 2495 1992 sola

1432 2002 1579 2033 irascibili
1590 2008 1702 2032 natum
1714 2008 1761 2032 est
1771 2002 1928 2033 vindicare
1941 2003 1980 2033 de
1992 2013 2198 2044 quocumque
2211 2003 2383 2035 coniuncto
2394 2005 2490 2035 malo.

1489 2046 1541 2076 Ad
1564 2046 1697 2077 Scotum
1720 2052 1827 2076 autem
1851 2046 1923 2076 dico
1947 2046 2051 2087 quod,
2081 2056 2156 2077 cum
2185 2047 2290 2087 passio
2315 2048 2438 2079 animae
2460 2047 2495 2079 in

1432 2096 1503 2121 actu
1527 2100 1597 2126 suo,
1622 2095 1653 2120 et
1671 2090 1704 2120 in
1719 2096 1811 2120 motu
1835 2090 1996 2127 materiali,
2021 2090 2061 2120 sit
2083 2089 2267 2126 conformis,
2290 2090 2334 2122 ita
2356 2092 2445 2133 quod
2467 2092 2494 2123 si

1432 2134 1537 2175 passio
1561 2133 1703 2164 consistit
1724 2133 1758 2163 in
1781 2143 1918 2172 accessu,
1942 2140 2050 2165 motus
2074 2143 2205 2175 quoque
2223 2134 2307 2165 illius
2324 2136 2495 2176 corporalis

1432 2184 1479 2208 est
1501 2177 1706 2214 accessorius,
1732 2183 1763 2208 et
1786 2177 1811 2207 si
1835 2177 1977 2208 consistit
2003 2177 2036 2208 in
2060 2187 2202 2215 recessu,
2227 2185 2334 2210 motus
2364 2189 2495 2221 quoque

1432 2221 1517 2252 illius
1541 2221 1683 2252 consistit
1705 2221 1737 2251 in
1761 2221 1962 2258 retractione;
1988 2228 2018 2252 et
2041 2228 2163 2253 constet
2178 2223 2267 2263 quod
2281 2222 2403 2253 tristitia
2419 2233 2494 2254 con-

1433 2265 1512 2295 sistit
1534 2265 1567 2294 in
1590 2264 1789 2300 retractione;
1810 2274 2007 2305 consequens
2027 2271 2074 2295 est
2088 2266 2178 2305 quod
2197 2272 2305 2296 motus
2321 2266 2493 2307 corporalis

1432 2308 1573 2339 tristitiae
1597 2308 1747 2338 consistat
1768 2308 1801 2338 in
1824 2308 2019 2339 retractione.
2050 2309 2143 2339 Unde
2166 2315 2196 2340 et
2219 2316 2329 2340 contra
2350 2309 2494 2350 philoso-

1432 2352 1540 2392 phiam
1564 2358 1610 2382 est
1633 2351 1750 2392 duplex
1780 2351 1920 2382 tristitiae
1948 2349 2120 2391 organum}
2146 2358 2176 2382 et
2201 2353 2291 2393 quod
2312 2352 2434 2384 tristitia
2457 2363 2495 2384 ex

1432 2395 1635 2432 accensione,
1659 2405 1758 2435 quam
1788 2401 1911 2426 constat
1933 2395 1966 2425 in
1989 2405 2114 2426 accessu
2139 2396 2326 2433 consistere,
2350 2404 2495 2428 causetur

1432 2439 1642 2470 materialiter.
1665 2439 1707 2469 Et
1729 2438 1842 2469 Scotus
1865 2438 1989 2469 videtur
2012 2439 2161 2479 deceptus
2177 2450 2196 2470 a
2212 2439 2327 2480 seipso,
2347 2440 2421 2482 quia
2436 2451 2493 2471 no-

1432 2483 1491 2514 luit
1512 2483 1607 2513 verba
1629 2482 1806 2513 Aristotelis
1829 2482 1861 2512 in
1879 2482 1905 2512 II
1921 2483 2111 2514 Rhetoricae
2123 2483 2140 2503 *
2156 2483 2337 2524 intelligere,
2362 2484 2493 2516 dicentis

1432 2527 1522 2568 quod
1544 2528 1594 2556 ira
1618 2531 1663 2557 est
1685 2536 1757 2557 cum
1781 2527 1922 2563 tristitia,
1947 2533 1978 2557 et
1999 2527 2088 2567 quod
2110 2527 2161 2557 ira
2185 2528 2248 2558 viri
2273 2529 2366 2568 quasi
2387 2528 2451 2559 mel
2463 2528 2491 2559 ⁸¹.

1432 2570 1597 2601 Passiones
1621 2570 1706 2600 enim
1729 2569 1889 2600 irascibilis
1912 2569 2068 2609 incipiunt
2083 2580 2101 2600 a
2116 2570 2316 2610 passionibus
2339 2572 2492 2612 concupi-

1433 2614 1564 2650 scibilis,
1589 2620 1620 2644 et
1646 2613 1678 2643 in
1703 2623 1754 2643 eas
1778 2613 2000 2643 terminantur:
2025 2620 2056 2644 et
2083 2621 2249 2654 propterea
2271 2614 2317 2645 ira
2342 2614 2453 2655 incipit
2476 2625 2494 2646 a

1433 2658 1565 2694 tristitia,
1584 2664 1614 2688 et
1629 2657 1815 2687 terminatur
1829 2657 1861 2687 in
1881 2657 2133 2688 delectationem.
2150 2675 2171 2681 -
2187 2657 2280 2688 Ratio
2297 2665 2404 2689 autem
2421 2669 2493 2699 pro-

1433 2703 1511 2733 bans
1536 2701 1771 2732 distinctionem
1795 2701 1953 2737 dolorum,
1978 2701 2042 2731 risu
2067 2701 2160 2741 digna
2182 2701 2316 2733 videtur.
2341 2702 2385 2733 Ut
2408 2702 2493 2733 enim

1434 2752 1519 2787 patet
1542 2746 1580 2775 ab
1604 2745 1773 2775 Aristotele
1795 2744 1922 2780 ibidem,
1947 2751 1978 2775 et
1998 2744 2159 2775 Avicenna
2181 2745 2214 2775 in
2237 2746 2335 2777 Sexto
2350 2747 2494 2777 Natura-

1435 2791 1512 2820 lium
1526 2789 1554 2825 θ,
1571 2789 1701 2829 quando
1721 2794 1854 2818 nocetur
1869 2788 1962 2818 alicui
1983 2788 2026 2820 ita
2043 2789 2132 2830 quod
2147 2789 2351 2829 impossibilis
2364 2797 2495 2830 apparet

1434 2833 1525 2869 ultio,
1549 2832 1672 2863 tristitia
1686 2842 1800 2872 magna
1819 2832 1949 2872 quidem
1966 2839 2021 2868 est,
2038 2839 2069 2863 et
2087 2833 2164 2869 sola,
2183 2833 2264 2864 idest
2281 2843 2348 2864 non
2363 2843 2494 2865 causans

1434 2878 1529 2908 iram:
1555 2876 1630 2918 quia
1652 2886 1718 2906 non
1742 2882 1887 2906 causatur
1916 2876 1961 2906 ira
1989 2876 2056 2907 sine
2084 2887 2139 2917 spe
2161 2877 2324 2917 puniendi.
2355 2878 2403 2908 Ex
2432 2878 2494 2910 hoc

1435 2928 1541 2953 autem
1557 2930 1695 2960 arguere,
1709 2920 1812 2961 Ergo,
1826 2920 1952 2960 quando
1967 2926 2120 2951 causatur
2135 2921 2196 2960 ira,
2211 2926 2258 2952 est
2273 2921 2340 2952 alia
2351 2922 2492 2960 tristitia,

1434 2975 1506 2997 cum
1531 2975 1594 3006 qua
1618 2970 1664 2995 est
1687 2965 1752 3002 ira,
1785 2963 1904 3004 puerile
1927 2964 2060 2995 videtur.
2091 2964 2164 2994 Hoc
2187 2964 2273 2995 enim
2301 2965 2379 2995 nihil
2407 2965 2495 2996 aliud

1434 3009 1535 3046 infert,
1556 3008 1627 3039 nisi:
1648 3009 1740 3049 Ergo
1755 3009 1824 3038 sola
1839 3009 1969 3038 tristitia
1985 3017 2047 3038 non
2065 3013 2177 3039 causat
2199 3009 2291 3039 iram.
2315 3009 2356 3039 Et
2371 3009 2432 3040 hoc
2449 3015 2495 3040 est

1434 3062 1562 3084 verum:
1586 3052 1661 3093 quia
1682 3051 1851 3093 requiritur
1874 3051 1969 3082 etiam
1992 3061 2063 3092 spes
2086 3051 2226 3083 ultionis.
2251 3053 2308 3083 Est
2331 3053 2415 3083 enim
2438 3053 2492 3089 ira,

1434 3104 1471 3128 ut
1485 3097 1615 3127 inferius
1631 3096 1648 3116 *
1667 3095 1793 3136 patebit,
1818 3102 1849 3126 et
1872 3105 1908 3126 ex
1926 3094 2110 3126 definitione
2129 3095 2305 3127 Aristotelis
2327 3096 2446 3128 ibidem
2459 3096 2495 3117 *⁸

1434 3148 1528 3182 patet,
1554 3151 1591 3171 ex
1613 3139 1722 3171 multis
1745 3139 1898 3170 resultans
1921 3139 2130 3180 passionibus.
2480 3140 2482 3142 ’

2517 2534 2529 2545 “
2548 2533 2605 2561 Cap.
2621 2540 2647 2561 ιι,
2662 2540 2685 2556 n.
2701 2540 2718 2557 ι.

2521 2578 2530 2587 ·’
2541 2577 2632 2599 Ibid.n.
2642 2583 2662 2599 a.
2673 2589 2682 2593 -
2693 2577 2730 2600 Cf.

2520 2602 2731 2657 vm

2522 2661 2571 2683 109,
2586 2661 2628 2677 ιιο.

2520 2795 2529 2806 ·
2544 2794 2584 2816 ΑΙ.
2598 2794 2628 2816 de
2636 2794 2729 2822 Anium,

2519 2824 2579 2849 pm.
2587 2820 2627 2848 IV,
2637 2826 2687 2848 cap.
2697 2827 2730 2843 vr.

2520 3103 2530 3113 ·
2563 3107 2584 3123 ιι.
2595 3107 2656 3127 uvi,
2665 3105 2706 3123 art.
2714 3108 2732 3123 ι.

2519 3128 2543 3140 ·“
2574 3133 2612 3149 οε.
2623 3128 2660 3149 cit.
2672 3133 2695 3150 n.
2705 3133 2720 3149 ι.
